[
  {
    "name": "VluEEIww",
    "coordinates": {
      "x": 179,
      "y": 212
    },
    "genre": "SOUL",
    "numberOfParticipants": 2,
    "singlesCount": 22,
    "description": "vO1qkOb3EwHtNq2IuoqY",
    "bestAlbum": {
      "name": "RIPUPnYNRSZcQnD",
      "tracks": 19,
      "length": 53,
      "sales": 224702
    },
    "albumsCount": 10,
    "establishmentDate": "2017-09-26T22:28:41.729Z",
    "studio": {
      "name": "oqYinTstxB"
    }
  },
  {
    "name": "DhXNORzN",
    "coordinates": {
      "x": 14,
      "y": 298
    },
    "genre": "POST_ROCK",
    "numberOfParticipants": 8,
    "singlesCount": 6,
    "description": "r02kMbLcPhjNV2nuBkXZ",
    "bestAlbum": {
      "name": "SkyJFQkQHwokS g",
      "tracks": 16,
      "length": 55,
      "sales": 141032
    },
    "albumsCount": 8,
    "establishmentDate": "2021-07-01T22:28:41.740Z",
    "studio": {
      "name": "xToHtEqOGX"
    }
  },
  {
    "name": "RMzvmWtv",
    "coordinates": {
      "x": 83,
      "y": 192
    },
    "genre": "POST_ROCK",
    "numberOfParticipants": 6,
    "singlesCount": 4,
    "description": "DSPVa22DdCv4WgDuoDwW",
    "bestAlbum": {
      "name": "MjJXURdlG tVlxk",
      "tracks": 10,
      "length": 108,
      "sales": 823639
    },
    "albumsCount": 7,
    "establishmentDate": "2016-03-02T22:28:41.740Z",
    "studio": {
      "name": "scHUenzsFn"
    }
  },
  {
    "name": "gXtUEiYy",
    "coordinates": {
      "x": 150,
      "y": 211
    },
    "genre": "POST_ROCK",
    "numberOfParticipants": 1,
    "singlesCount": 20,
    "description": "tXu1p dHyrDWhQXbwmao",
    "bestAlbum": {
      "name": "GyTwNHbCIPrTmif",
      "tracks": 15,
      "length": 76,
      "sales": 183357
    },
    "albumsCount": 14,
    "establishmentDate": "2016-05-20T22:28:41.740Z",
    "studio": {
      "name": "CMqATRSDAn"
    }
  },
  {
    "name": "RzOxbTJI",
    "coordinates": {
      "x": 33,
      "y": 166
    },
    "genre": "POST_ROCK",
    "numberOfParticipants": 3,
    "singlesCount": 21,
    "description": "VTYM2jxC9bl0e9i0 KpQ",
    "bestAlbum": {
      "name": "I bZjqJbPjlBkBw",
      "tracks": 11,
      "length": 90,
      "sales": 685409
    },
    "albumsCount": 4,
    "establishmentDate": "2017-03-16T22:28:41.740Z",
    "studio": {
      "name": "EHJQzhBFGx"
    }
  },
  {
    "name": "FebnpWXL",
    "coordinates": {
      "x": 77,
      "y": 280
    },
    "genre": "POST_ROCK",
    "numberOfParticipants": 8,
    "singlesCount": 1,
    "description": "pYRCPR4ClHGCRXMmGc6Z",
    "bestAlbum": {
      "name": "gMBoyAXlD bchFa",
      "tracks": 17,
      "length": 67,
      "sales": 423671
    },
    "albumsCount": 4,
    "establishmentDate": "2024-03-09T22:28:41.740Z",
    "studio": {
      "name": "aHMqKNZfHb"
    }
  },
  {
    "name": "PZTfCHTE",
    "coordinates": {
      "x": 52,
      "y": 127
    },
    "genre": "SOUL",
    "numberOfParticipants": 5,
    "singlesCount": 6,
    "description": "Ez01XS0zrDid110Z4EyW",
    "bestAlbum": {
      "name": "ZDSWDLGMDcNESsY",
      "tracks": 10,
      "length": 88,
      "sales": 109803
    },
    "albumsCount": 1,
    "establishmentDate": "2017-03-02T22:28:41.740Z",
    "studio": {
      "name": "ZYvBqtsHiI"
    }
  },
  {
    "name": "tmxeyTFf",
    "coordinates": {
      "x": 73,
      "y": 120
    },
    "genre": "SOUL",
    "numberOfParticipants": 4,
    "singlesCount": 41,
    "description": "BRYmYJYzBHHfYUkF9Z72",
    "bestAlbum": {
      "name": "BIWGlBwZazDUmup",
      "tracks": 16,
      "length": 40,
      "sales": 839354
    },
    "albumsCount": 4,
    "establishmentDate": "2022-06-06T22:28:41.740Z",
    "studio": {
      "name": "qanueJPCGC"
    }
  },
  {
    "name": "OfwkgmLb",
    "coordinates": {
      "x": 113,
      "y": 266
    },
    "genre": "SOUL",
    "numberOfParticipants": 1,
    "singlesCount": 26,
    "description": "BBN4JWx3wArDF6b1WrG2",
    "bestAlbum": {
      "name": " jZdeHEVxhdCcSm",
      "tracks": 13,
      "length": 59,
      "sales": 54881
    },
    "albumsCount": 8,
    "establishmentDate": "2023-10-03T22:28:41.740Z",
    "studio": {
      "name": "wXqbisPlvu"
    }
  },
  {
    "name": "vHoxwyih",
    "coordinates": {
      "x": 62,
      "y": 199
    },
    "genre": "SOUL",
    "numberOfParticipants": 5,
    "singlesCount": 17,
    "description": "iTPB9yAThPHWpWBW0yfU",
    "bestAlbum": {
      "name": "oHopEuqIUsvNqYf",
      "tracks": 14,
      "length": 47,
      "sales": 208556
    },
    "albumsCount": 11,
    "establishmentDate": "2020-03-18T22:28:41.740Z",
    "studio": {
      "name": "NkNwALaKbA"
    }
  },
  {
    "name": "QqqMEENI",
    "coordinates": {
      "x": 114,
      "y": 221
    },
    "genre": "SOUL",
    "numberOfParticipants": 5,
    "singlesCount": 48,
    "description": "seuV3akJ5DeM9bG26Wsj",
    "bestAlbum": {
      "name": "hBXDKrWXGUgDqAk",
      "tracks": 11,
      "length": 118,
      "sales": 706591
    },
    "albumsCount": 12,
    "establishmentDate": "2023-03-15T22:28:41.740Z",
    "studio": {
      "name": "JWTlOZeHFM"
    }
  },
  {
    "name": "SlAAnEhc",
    "coordinates": {
      "x": 198,
      "y": 132
    },
    "genre": "RAP",
    "numberOfParticipants": 2,
    "singlesCount": 46,
    "description": "y MDsyrTkVhAY49PGbaL",
    "bestAlbum": {
      "name": "KIiPiGUlAXOqzHX",
      "tracks": 17,
      "length": 102,
      "sales": 405280
    },
    "albumsCount": 15,
    "establishmentDate": "2020-08-19T22:28:41.740Z",
    "studio": {
      "name": "MpSmGLUBMv"
    }
  },
  {
    "name": "ySRUMrUT",
    "coordinates": {
      "x": 41,
      "y": 267
    },
    "genre": "RAP",
    "numberOfParticipants": 2,
    "singlesCount": 33,
    "description": " N6oFMlNEqJvYWO4P25w",
    "bestAlbum": {
      "name": "ePrxFBENfUQAhYP",
      "tracks": 5,
      "length": 65,
      "sales": 828356
    },
    "albumsCount": 7,
    "establishmentDate": "2016-03-27T22:28:41.740Z",
    "studio": {
      "name": "AtQKzDLSZJ"
    }
  },
  {
    "name": "YrNEjOQo",
    "coordinates": {
      "x": 48,
      "y": 171
    },
    "genre": "SOUL",
    "numberOfParticipants": 10,
    "singlesCount": 19,
    "description": "93lyLYh8kIVWu5Zlmynd",
    "bestAlbum": {
      "name": "cPbnTzPnuhYmZMG",
      "tracks": 11,
      "length": 71,
      "sales": 49101
    },
    "albumsCount": 6,
    "establishmentDate": "2022-10-23T22:28:41.740Z",
    "studio": {
      "name": "gZexlSAnML"
    }
  },
  {
    "name": "biurLonm",
    "coordinates": {
      "x": 97,
      "y": 114
    },
    "genre": "SOUL",
    "numberOfParticipants": 5,
    "singlesCount": 4,
    "description": "uMOqISQLB9pN7PWAGfVe",
    "bestAlbum": {
      "name": "hiFYoOythLFHaPj",
      "tracks": 17,
      "length": 92,
      "sales": 243452
    },
    "albumsCount": 15,
    "establishmentDate": "2024-05-31T22:28:41.740Z",
    "studio": {
      "name": "EAqkWWKZGv"
    }
  },
  {
    "name": "VATyefSS",
    "coordinates": {
      "x": 175,
      "y": 292
    },
    "genre": "RAP",
    "numberOfParticipants": 8,
    "singlesCount": 31,
    "description": "nxJIxG3EQyyKzYkHVVFN",
    "bestAlbum": {
      "name": " MVwrsihShyloTk",
      "tracks": 16,
      "length": 107,
      "sales": 595995
    },
    "albumsCount": 1,
    "establishmentDate": "2022-11-23T22:28:41.740Z",
    "studio": {
      "name": "yHsGAYeQDu"
    }
  },
  {
    "name": "pOoCMXzX",
    "coordinates": {
      "x": 43,
      "y": 211
    },
    "genre": "SOUL",
    "numberOfParticipants": 8,
    "singlesCount": 14,
    "description": "F2b2ycuuHJ2C 1Ay9ut4",
    "bestAlbum": {
      "name": "ovWUkxoBeEfCllV",
      "tracks": 14,
      "length": 47,
      "sales": 904642
    },
    "albumsCount": 3,
    "establishmentDate": "2019-11-12T22:28:41.740Z",
    "studio": {
      "name": "nPBAIDEBtH"
    }
  },
  {
    "name": "yDhXzVBE",
    "coordinates": {
      "x": 155,
      "y": 175
    },
    "genre": "RAP",
    "numberOfParticipants": 9,
    "singlesCount": 4,
    "description": "IVXFCjHhWhLJc4pC7 aJ",
    "bestAlbum": {
      "name": "oZYmlp  XlExxoH",
      "tracks": 19,
      "length": 63,
      "sales": 932012
    },
    "albumsCount": 14,
    "establishmentDate": "2022-05-29T22:28:41.740Z",
    "studio": {
      "name": "BIckufRIqG"
    }
  },
  {
    "name": "WhGiIBMI",
    "coordinates": {
      "x": 104,
      "y": 154
    },
    "genre": "SOUL",
    "numberOfParticipants": 8,
    "singlesCount": 9,
    "description": "xlRIzKkxmN7iQf89Gj6u",
    "bestAlbum": {
      "name": "assyzmYrPxAqIlF",
      "tracks": 6,
      "length": 48,
      "sales": 35669
    },
    "albumsCount": 10,
    "establishmentDate": "2015-02-20T22:28:41.740Z",
    "studio": {
      "name": "er dWkzwXT"
    }
  },
  {
    "name": "QNcNpjAF",
    "coordinates": {
      "x": 120,
      "y": 123
    },
    "genre": "RAP",
    "numberOfParticipants": 2,
    "singlesCount": 45,
    "description": "f64WC7HYDAe2vjqvKBYw",
    "bestAlbum": {
      "name": "eAd IsVfPnJOdxv",
      "tracks": 20,
      "length": 107,
      "sales": 369494
    },
    "albumsCount": 14,
    "establishmentDate": "2020-11-08T22:28:41.740Z",
    "studio": {
      "name": "mKMbAziXwe"
    }
  },
  {
    "name": "SKfZacnt",
    "coordinates": {
      "x": 81,
      "y": 251
    },
    "genre": "SOUL",
    "numberOfParticipants": 2,
    "singlesCount": 30,
    "description": "jwXZByHoqPIhM6 NtWlS",
    "bestAlbum": {
      "name": "MtdnlBdSUiiZaJn",
      "tracks": 14,
      "length": 101,
      "sales": 247099
    },
    "albumsCount": 8,
    "establishmentDate": "2016-10-10T22:28:41.740Z",
    "studio": {
      "name": "uqydQTKXsU"
    }
  },
  {
    "name": "OXuxGrVw",
    "coordinates": {
      "x": 156,
      "y": 173
    },
    "genre": "SOUL",
    "numberOfParticipants": 6,
    "singlesCount": 49,
    "description": "Y1HVaJ1LzFDE4Gn5 8Je",
    "bestAlbum": {
      "name": "UpvseHDhmPVOlJh",
      "tracks": 8,
      "length": 56,
      "sales": 994386
    },
    "albumsCount": 15,
    "establishmentDate": "2018-10-12T22:28:41.740Z",
    "studio": {
      "name": "eZWdLlQpJW"
    }
  },
  {
    "name": "LSYKYbJs",
    "coordinates": {
      "x": 185,
      "y": 209
    },
    "genre": "POST_ROCK",
    "numberOfParticipants": 9,
    "singlesCount": 46,
    "description": "D94h88KeTIXm60EO5yN3",
    "bestAlbum": {
      "name": "DWfxueEUQnIiBYO",
      "tracks": 20,
      "length": 61,
      "sales": 806909
    },
    "albumsCount": 12,
    "establishmentDate": "2023-11-29T22:28:41.740Z",
    "studio": {
      "name": "QaNLdbHODg"
    }
  },
  {
    "name": "dtTWFFAJ",
    "coordinates": {
      "x": 46,
      "y": 162
    },
    "genre": "POST_ROCK",
    "numberOfParticipants": 4,
    "singlesCount": 5,
    "description": "sJNVw0jYWpVy0UPxBx5u",
    "bestAlbum": {
      "name": "RXHMYNARJSo sO ",
      "tracks": 11,
      "length": 72,
      "sales": 508531
    },
    "albumsCount": 6,
    "establishmentDate": "2023-03-18T22:28:41.740Z",
    "studio": {
      "name": "KaFEzwgVVy"
    }
  },
  {
    "name": "oDiVhRKz",
    "coordinates": {
      "x": 69,
      "y": 300
    },
    "genre": "SOUL",
    "numberOfParticipants": 5,
    "singlesCount": 24,
    "description": "yuTmSuh4gOOxx1iyfoMB",
    "bestAlbum": {
      "name": "XlVOhhSdrKrHxIr",
      "tracks": 19,
      "length": 118,
      "sales": 213054
    },
    "albumsCount": 7,
    "establishmentDate": "2022-05-25T22:28:41.740Z",
    "studio": {
      "name": "DTyR bpqGv"
    }
  },
  {
    "name": "otjimrQt",
    "coordinates": {
      "x": 49,
      "y": 173
    },
    "genre": "POST_ROCK",
    "numberOfParticipants": 4,
    "singlesCount": 28,
    "description": "CgpA8FmOal3PZsoqbT0 ",
    "bestAlbum": {
      "name": "HfmjprBUzgQVJXN",
      "tracks": 18,
      "length": 116,
      "sales": 108316
    },
    "albumsCount": 1,
    "establishmentDate": "2020-02-19T22:28:41.741Z",
    "studio": {
      "name": "ZTIltPgCoh"
    }
  },
  {
    "name": "nkANZfzj",
    "coordinates": {
      "x": 97,
      "y": 180
    },
    "genre": "POST_ROCK",
    "numberOfParticipants": 3,
    "singlesCount": 2,
    "description": "HuV4K2KQw3gKo7lDhWQz",
    "bestAlbum": {
      "name": "uIdnzezRgmFgsPn",
      "tracks": 9,
      "length": 88,
      "sales": 305034
    },
    "albumsCount": 4,
    "establishmentDate": "2017-10-09T22:28:41.741Z",
    "studio": {
      "name": "tcsDx cquG"
    }
  },
  {
    "name": "UDealAfR",
    "coordinates": {
      "x": 193,
      "y": 231
    },
    "genre": "SOUL",
    "numberOfParticipants": 2,
    "singlesCount": 36,
    "description": "kXv87p0U99W63qrAlLjv",
    "bestAlbum": {
      "name": "sZBnNKBmMsrLfUQ",
      "tracks": 9,
      "length": 94,
      "sales": 264972
    },
    "albumsCount": 13,
    "establishmentDate": "2024-11-26T22:28:41.741Z",
    "studio": {
      "name": "PSUAybtAgA"
    }
  },
  {
    "name": "uqppSsZP",
    "coordinates": {
      "x": 130,
      "y": 123
    },
    "genre": "SOUL",
    "numberOfParticipants": 9,
    "singlesCount": 10,
    "description": "lhnYlaDGKZd1cpjNb47N",
    "bestAlbum": {
      "name": "dcZoCceSqgWwqSX",
      "tracks": 13,
      "length": 55,
      "sales": 830613
    },
    "albumsCount": 9,
    "establishmentDate": "2018-06-16T22:28:41.741Z",
    "studio": {
      "name": "CuVazDkQWF"
    }
  },
  {
    "name": "AZANGqph",
    "coordinates": {
      "x": 75,
      "y": 135
    },
    "genre": "SOUL",
    "numberOfParticipants": 2,
    "singlesCount": 7,
    "description": "asQ8nUKWPyRGZrRIbJdO",
    "bestAlbum": {
      "name": "KeVBgy zhCCUyMa",
      "tracks": 7,
      "length": 101,
      "sales": 660936
    },
    "albumsCount": 14,
    "establishmentDate": "2017-10-11T22:28:41.741Z",
    "studio": {
      "name": "ATkqOepSbf"
    }
  },
  {
    "name": "axRIArTz",
    "coordinates": {
      "x": 54,
      "y": 133
    },
    "genre": "POST_ROCK",
    "numberOfParticipants": 7,
    "singlesCount": 15,
    "description": "Nc1hKBJn4I8 ikXpp9JX",
    "bestAlbum": {
      "name": "ikQIavDVdxKqhlO",
      "tracks": 9,
      "length": 90,
      "sales": 319267
    },
    "albumsCount": 14,
    "establishmentDate": "2024-03-21T22:28:41.741Z",
    "studio": {
      "name": "PRDogi bOa"
    }
  },
  {
    "name": "TcOKuAzA",
    "coordinates": {
      "x": 184,
      "y": 171
    },
    "genre": "POST_ROCK",
    "numberOfParticipants": 4,
    "singlesCount": 23,
    "description": "sSDJKx bdm837IW1bybc",
    "bestAlbum": {
      "name": "nlL ercZGOgYUtQ",
      "tracks": 7,
      "length": 43,
      "sales": 532868
    },
    "albumsCount": 6,
    "establishmentDate": "2023-10-30T22:28:41.741Z",
    "studio": {
      "name": "MRaQEopZZn"
    }
  },
  {
    "name": "RvdOQfHn",
    "coordinates": {
      "x": 197,
      "y": 100
    },
    "genre": "POST_ROCK",
    "numberOfParticipants": 6,
    "singlesCount": 40,
    "description": "JOGzWk36g0G SUKEzJfx",
    "bestAlbum": {
      "name": "qEJqFSnYPuUNCsi",
      "tracks": 19,
      "length": 101,
      "sales": 326595
    },
    "albumsCount": 15,
    "establishmentDate": "2017-12-11T22:28:41.741Z",
    "studio": {
      "name": "eTxBKbGDVG"
    }
  },
  {
    "name": "pNszCdsQ",
    "coordinates": {
      "x": 139,
      "y": 138
    },
    "genre": "RAP",
    "numberOfParticipants": 2,
    "singlesCount": 22,
    "description": "LzRn3psxCSupaUEuf2id",
    "bestAlbum": {
      "name": "TDhPszkYhBnbMRZ",
      "tracks": 15,
      "length": 87,
      "sales": 410125
    },
    "albumsCount": 15,
    "establishmentDate": "2019-08-16T22:28:41.741Z",
    "studio": {
      "name": "wnHiYLzEyv"
    }
  },
  {
    "name": "FcMyzhyJ",
    "coordinates": {
      "x": 196,
      "y": 100
    },
    "genre": "RAP",
    "numberOfParticipants": 3,
    "singlesCount": 19,
    "description": "yg0NhDJjDqQCIIsamNYq",
    "bestAlbum": {
      "name": "jKHAbEuQcOQQpma",
      "tracks": 7,
      "length": 110,
      "sales": 469638
    },
    "albumsCount": 7,
    "establishmentDate": "2021-11-29T22:28:41.741Z",
    "studio": {
      "name": "mBeKQITUCX"
    }
  },
  {
    "name": "jWnHqhhr",
    "coordinates": {
      "x": 43,
      "y": 191
    },
    "genre": "RAP",
    "numberOfParticipants": 4,
    "singlesCount": 29,
    "description": "lq5q5ZeyMuyKJCfBsmPO",
    "bestAlbum": {
      "name": "vITKYzLPPtOafDr",
      "tracks": 14,
      "length": 45,
      "sales": 186857
    },
    "albumsCount": 4,
    "establishmentDate": "2022-07-09T22:28:41.741Z",
    "studio": {
      "name": "cFXpPMGdbl"
    }
  },
  {
    "name": "jNFOPtGj",
    "coordinates": {
      "x": 43,
      "y": 238
    },
    "genre": "RAP",
    "numberOfParticipants": 4,
    "singlesCount": 24,
    "description": "1EMobyOLiUlIXkzHho82",
    "bestAlbum": {
      "name": "dtxJDDKxqGHwVCT",
      "tracks": 10,
      "length": 108,
      "sales": 146788
    },
    "albumsCount": 4,
    "establishmentDate": "2020-08-21T22:28:41.741Z",
    "studio": {
      "name": "vj DByzySU"
    }
  },
  {
    "name": "FrjaTgWi",
    "coordinates": {
      "x": 164,
      "y": 259
    },
    "genre": "SOUL",
    "numberOfParticipants": 6,
    "singlesCount": 12,
    "description": "QfMiDQkl9LvtuosLLKNr",
    "bestAlbum": {
      "name": "hNvCTsVMAYhyrZq",
      "tracks": 15,
      "length": 95,
      "sales": 869367
    },
    "albumsCount": 8,
    "establishmentDate": "2024-08-25T22:28:41.741Z",
    "studio": {
      "name": "ErvseRUnQc"
    }
  },
  {
    "name": "VgEtavQS",
    "coordinates": {
      "x": 110,
      "y": 156
    },
    "genre": "RAP",
    "numberOfParticipants": 8,
    "singlesCount": 26,
    "description": "fM4dGqrVa7M0Tkay8j4b",
    "bestAlbum": {
      "name": "fZfOlBwYNpcMMoT",
      "tracks": 18,
      "length": 79,
      "sales": 201522
    },
    "albumsCount": 11,
    "establishmentDate": "2017-04-03T22:28:41.741Z",
    "studio": {
      "name": "DzVpepOGXc"
    }
  },
  {
    "name": "LFGZWwaY",
    "coordinates": {
      "x": 47,
      "y": 237
    },
    "genre": "RAP",
    "numberOfParticipants": 8,
    "singlesCount": 14,
    "description": "3rQDXkr 20j2aEw6PyTn",
    "bestAlbum": {
      "name": "XsKoDCR lpcOmuZ",
      "tracks": 11,
      "length": 109,
      "sales": 77156
    },
    "albumsCount": 10,
    "establishmentDate": "2022-08-25T22:28:41.741Z",
    "studio": {
      "name": "dGHppnkCJw"
    }
  },
  {
    "name": "gKwfkLKt",
    "coordinates": {
      "x": 191,
      "y": 267
    },
    "genre": "SOUL",
    "numberOfParticipants": 5,
    "singlesCount": 1,
    "description": "x7Ly EALoB6CsxWkrDpY",
    "bestAlbum": {
      "name": "gXgMLuOsGwdQDJi",
      "tracks": 12,
      "length": 90,
      "sales": 440627
    },
    "albumsCount": 10,
    "establishmentDate": "2022-02-17T22:28:41.741Z",
    "studio": {
      "name": "lokNPgEdvJ"
    }
  },
  {
    "name": "yAWOxSkV",
    "coordinates": {
      "x": 125,
      "y": 221
    },
    "genre": "RAP",
    "numberOfParticipants": 7,
    "singlesCount": 45,
    "description": "fsD3iyZJgOpqSEAn8bML",
    "bestAlbum": {
      "name": "VLEZhvvhSooQsPZ",
      "tracks": 8,
      "length": 49,
      "sales": 434653
    },
    "albumsCount": 12,
    "establishmentDate": "2022-09-13T22:28:41.741Z",
    "studio": {
      "name": "fTmCxDfqDi"
    }
  },
  {
    "name": "GMWjmZxE",
    "coordinates": {
      "x": 10,
      "y": 299
    },
    "genre": "POST_ROCK",
    "numberOfParticipants": 6,
    "singlesCount": 30,
    "description": "qZhcpmRYC1LQJ9hB3GQw",
    "bestAlbum": {
      "name": "UEIYiyuIhuvVgKN",
      "tracks": 20,
      "length": 75,
      "sales": 362921
    },
    "albumsCount": 6,
    "establishmentDate": "2018-07-16T22:28:41.741Z",
    "studio": {
      "name": "ePxrDWgWcz"
    }
  },
  {
    "name": "kqqAKUVk",
    "coordinates": {
      "x": 73,
      "y": 160
    },
    "genre": "SOUL",
    "numberOfParticipants": 7,
    "singlesCount": 26,
    "description": "A0TKqvaNPZSEJOPaCH9h",
    "bestAlbum": {
      "name": "dDiJMGXQ ejanWX",
      "tracks": 11,
      "length": 82,
      "sales": 331395
    },
    "albumsCount": 10,
    "establishmentDate": "2017-08-21T22:28:41.741Z",
    "studio": {
      "name": "cHabyHBD U"
    }
  },
  {
    "name": "dwloYcog",
    "coordinates": {
      "x": 5,
      "y": 115
    },
    "genre": "SOUL",
    "numberOfParticipants": 3,
    "singlesCount": 33,
    "description": "yH9qrosU7afJpjGIVvAc",
    "bestAlbum": {
      "name": "CtFPgADCmxshcyH",
      "tracks": 19,
      "length": 99,
      "sales": 193952
    },
    "albumsCount": 3,
    "establishmentDate": "2017-04-11T22:28:41.741Z",
    "studio": {
      "name": "uyeVGMcZPD"
    }
  },
  {
    "name": "WbHYPpQh",
    "coordinates": {
      "x": 154,
      "y": 290
    },
    "genre": "SOUL",
    "numberOfParticipants": 9,
    "singlesCount": 18,
    "description": "Y6cEoyjIPc8nQp376iCx",
    "bestAlbum": {
      "name": "qDEqZcsgSrOlrYB",
      "tracks": 20,
      "length": 65,
      "sales": 307880
    },
    "albumsCount": 3,
    "establishmentDate": "2020-09-06T22:28:41.741Z",
    "studio": {
      "name": "BQMOvbRksF"
    }
  },
  {
    "name": "afOuWPYA",
    "coordinates": {
      "x": 2,
      "y": 210
    },
    "genre": "SOUL",
    "numberOfParticipants": 6,
    "singlesCount": 42,
    "description": "zUvAKgJODbaVQ8KmjGjI",
    "bestAlbum": {
      "name": "GwcvsaSnBissDpZ",
      "tracks": 14,
      "length": 30,
      "sales": 743304
    },
    "albumsCount": 10,
    "establishmentDate": "2015-07-17T22:28:41.741Z",
    "studio": {
      "name": "jfYjiHjNez"
    }
  },
  {
    "name": "HaBIfKoK",
    "coordinates": {
      "x": 41,
      "y": 231
    },
    "genre": "RAP",
    "numberOfParticipants": 6,
    "singlesCount": 33,
    "description": "BOlsRVW R1bbm7vKVutU",
    "bestAlbum": {
      "name": "cZgQoQmyUqYAGxm",
      "tracks": 7,
      "length": 50,
      "sales": 310779
    },
    "albumsCount": 12,
    "establishmentDate": "2020-01-13T22:28:41.741Z",
    "studio": {
      "name": "tbKuUhxYsV"
    }
  },
  {
    "name": "zfjgPVli",
    "coordinates": {
      "x": 136,
      "y": 131
    },
    "genre": "RAP",
    "numberOfParticipants": 8,
    "singlesCount": 5,
    "description": "jWxZkC851IhMe9bjwiwY",
    "bestAlbum": {
      "name": "qhcrSRextLqzSYA",
      "tracks": 9,
      "length": 108,
      "sales": 470881
    },
    "albumsCount": 3,
    "establishmentDate": "2022-04-02T22:28:41.741Z",
    "studio": {
      "name": "QkCEAKbfWT"
    }
  },
  {
    "name": "KgfIJAOc",
    "coordinates": {
      "x": 145,
      "y": 123
    },
    "genre": "POST_ROCK",
    "numberOfParticipants": 9,
    "singlesCount": 30,
    "description": "g0OIhEpxo9McGi1AcfSV",
    "bestAlbum": {
      "name": "NhwykOOgDFYIuYE",
      "tracks": 6,
      "length": 86,
      "sales": 765883
    },
    "albumsCount": 7,
    "establishmentDate": "2016-12-19T22:28:41.741Z",
    "studio": {
      "name": "zlnjUPgTxh"
    }
  },
  {
    "name": "ciLPYUHP",
    "coordinates": {
      "x": 131,
      "y": 124
    },
    "genre": "POST_ROCK",
    "numberOfParticipants": 10,
    "singlesCount": 46,
    "description": "kZ08qw96rgyOiunQ7ff ",
    "bestAlbum": {
      "name": "BkHKMk BwbWUqQp",
      "tracks": 12,
      "length": 78,
      "sales": 323153
    },
    "albumsCount": 8,
    "establishmentDate": "2017-09-08T22:28:41.741Z",
    "studio": {
      "name": "MVUssZuMva"
    }
  },
  {
    "name": "KNuTbxoL",
    "coordinates": {
      "x": 112,
      "y": 116
    },
    "genre": "RAP",
    "numberOfParticipants": 9,
    "singlesCount": 6,
    "description": "cNi wSWBfhis0npaYER1",
    "bestAlbum": {
      "name": "zZlYVYmlwrtXlxI",
      "tracks": 16,
      "length": 76,
      "sales": 294251
    },
    "albumsCount": 10,
    "establishmentDate": "2021-09-01T22:28:41.741Z",
    "studio": {
      "name": "nOWLOSdssh"
    }
  },
  {
    "name": "yaGpZfTs",
    "coordinates": {
      "x": 67,
      "y": 252
    },
    "genre": "POST_ROCK",
    "numberOfParticipants": 8,
    "singlesCount": 36,
    "description": "bXGDhIkJZVv6uk2bwlNh",
    "bestAlbum": {
      "name": "qOdLEmSDgpuKXpW",
      "tracks": 20,
      "length": 108,
      "sales": 951786
    },
    "albumsCount": 7,
    "establishmentDate": "2015-12-31T22:28:41.741Z",
    "studio": {
      "name": "PWaEecakTD"
    }
  },
  {
    "name": "BVZjvQMU",
    "coordinates": {
      "x": 69,
      "y": 183
    },
    "genre": "POST_ROCK",
    "numberOfParticipants": 6,
    "singlesCount": 21,
    "description": "1GlZZXcmj9G9gW7kNoNE",
    "bestAlbum": {
      "name": "LEHFwvDGdUPbPdC",
      "tracks": 12,
      "length": 67,
      "sales": 898265
    },
    "albumsCount": 3,
    "establishmentDate": "2023-12-20T22:28:41.741Z",
    "studio": {
      "name": "NvyLiRkiWV"
    }
  },
  {
    "name": "uzcyckOG",
    "coordinates": {
      "x": 63,
      "y": 300
    },
    "genre": "RAP",
    "numberOfParticipants": 8,
    "singlesCount": 6,
    "description": "Cgqbog1I7k1wkhNUYnA6",
    "bestAlbum": {
      "name": "wLKEHzXLYMOUzPL",
      "tracks": 18,
      "length": 36,
      "sales": 55227
    },
    "albumsCount": 8,
    "establishmentDate": "2021-01-14T22:28:41.741Z",
    "studio": {
      "name": "XXiqMAjSYh"
    }
  },
  {
    "name": "IZgfbZZX",
    "coordinates": {
      "x": 70,
      "y": 230
    },
    "genre": "SOUL",
    "numberOfParticipants": 1,
    "singlesCount": 45,
    "description": "0ot50S 1UIzrPpWZyVl1",
    "bestAlbum": {
      "name": "xHRzjOIdkDdaTpv",
      "tracks": 10,
      "length": 84,
      "sales": 976263
    },
    "albumsCount": 10,
    "establishmentDate": "2020-04-18T22:28:41.741Z",
    "studio": {
      "name": "NzrYTdpUxy"
    }
  },
  {
    "name": "ZFeyboIz",
    "coordinates": {
      "x": 58,
      "y": 226
    },
    "genre": "SOUL",
    "numberOfParticipants": 3,
    "singlesCount": 42,
    "description": "4BO6b FDNuNtDO8mvznp",
    "bestAlbum": {
      "name": "bfvSqrVtWmoVBDm",
      "tracks": 12,
      "length": 52,
      "sales": 267061
    },
    "albumsCount": 10,
    "establishmentDate": "2022-01-18T22:28:41.741Z",
    "studio": {
      "name": "boHBWYpUYM"
    }
  },
  {
    "name": "liTWFvmX",
    "coordinates": {
      "x": 123,
      "y": 253
    },
    "genre": "POST_ROCK",
    "numberOfParticipants": 2,
    "singlesCount": 32,
    "description": "4nbpZr38oodFO901sJfC",
    "bestAlbum": {
      "name": "HXpFJKHQv TctPZ",
      "tracks": 5,
      "length": 111,
      "sales": 778491
    },
    "albumsCount": 11,
    "establishmentDate": "2018-08-26T22:28:41.741Z",
    "studio": {
      "name": "sOJkYUhpTj"
    }
  },
  {
    "name": "xwiOqTJS",
    "coordinates": {
      "x": 170,
      "y": 276
    },
    "genre": "SOUL",
    "numberOfParticipants": 5,
    "singlesCount": 7,
    "description": "c3RTP4SnrDrUkxxyiyy6",
    "bestAlbum": {
      "name": "FmVHVQqIXhYSsr ",
      "tracks": 14,
      "length": 108,
      "sales": 131864
    },
    "albumsCount": 1,
    "establishmentDate": "2019-08-22T22:28:41.741Z",
    "studio": {
      "name": "TPabJLBvnN"
    }
  },
  {
    "name": "FundwxSG",
    "coordinates": {
      "x": 69,
      "y": 161
    },
    "genre": "POST_ROCK",
    "numberOfParticipants": 9,
    "singlesCount": 30,
    "description": "wYaVxZUdutRgT16Fi8wN",
    "bestAlbum": {
      "name": "MsdFsFf pGCTxrC",
      "tracks": 14,
      "length": 37,
      "sales": 231479
    },
    "albumsCount": 2,
    "establishmentDate": "2015-11-22T22:28:41.741Z",
    "studio": {
      "name": "tKDjYuQfNa"
    }
  },
  {
    "name": "OUikijwy",
    "coordinates": {
      "x": 22,
      "y": 288
    },
    "genre": "POST_ROCK",
    "numberOfParticipants": 8,
    "singlesCount": 21,
    "description": "uNI3eWiYSTvGwKoME4pT",
    "bestAlbum": {
      "name": "pOKhRXCFouNMMmZ",
      "tracks": 7,
      "length": 77,
      "sales": 16016
    },
    "albumsCount": 8,
    "establishmentDate": "2018-12-01T22:28:41.741Z",
    "studio": {
      "name": "NRmJUKaCah"
    }
  },
  {
    "name": "HkQghlzi",
    "coordinates": {
      "x": 111,
      "y": 243
    },
    "genre": "POST_ROCK",
    "numberOfParticipants": 2,
    "singlesCount": 6,
    "description": "MRW4yCU1mc1oSIATMYzO",
    "bestAlbum": {
      "name": "wUyyOItacGArEcu",
      "tracks": 19,
      "length": 55,
      "sales": 961124
    },
    "albumsCount": 1,
    "establishmentDate": "2015-10-12T22:28:41.741Z",
    "studio": {
      "name": "bJqqXFkCqt"
    }
  },
  {
    "name": "ZstfiJJe",
    "coordinates": {
      "x": 115,
      "y": 140
    },
    "genre": "POST_ROCK",
    "numberOfParticipants": 1,
    "singlesCount": 3,
    "description": "UiUjr1zZBs9NTRNKIeil",
    "bestAlbum": {
      "name": "xVETGOAirldAzm ",
      "tracks": 8,
      "length": 44,
      "sales": 418629
    },
    "albumsCount": 8,
    "establishmentDate": "2019-01-21T22:28:41.741Z",
    "studio": {
      "name": "PFXtBujUMA"
    }
  },
  {
    "name": "OdBwGMhn",
    "coordinates": {
      "x": 74,
      "y": 129
    },
    "genre": "SOUL",
    "numberOfParticipants": 1,
    "singlesCount": 6,
    "description": "96omJAyX5zCmH2PCGNRR",
    "bestAlbum": {
      "name": "YDfzePVVnaaHujV",
      "tracks": 20,
      "length": 52,
      "sales": 198630
    },
    "albumsCount": 6,
    "establishmentDate": "2015-05-04T22:28:41.741Z",
    "studio": {
      "name": "Gw sudkkrN"
    }
  },
  {
    "name": "AQXTDuzP",
    "coordinates": {
      "x": 8,
      "y": 199
    },
    "genre": "SOUL",
    "numberOfParticipants": 10,
    "singlesCount": 13,
    "description": "7t2DYcsouev3t1OMxeHv",
    "bestAlbum": {
      "name": "VOLlIjfuIsnwDqI",
      "tracks": 12,
      "length": 45,
      "sales": 526104
    },
    "albumsCount": 8,
    "establishmentDate": "2024-09-02T22:28:41.741Z",
    "studio": {
      "name": "WHCZCoQRja"
    }
  },
  {
    "name": "tkJiPFmc",
    "coordinates": {
      "x": 190,
      "y": 265
    },
    "genre": "SOUL",
    "numberOfParticipants": 1,
    "singlesCount": 30,
    "description": "nAXgjdYmYzeUmhJ55aZd",
    "bestAlbum": {
      "name": "dRwVuxHAxJeNOVX",
      "tracks": 13,
      "length": 102,
      "sales": 986530
    },
    "albumsCount": 14,
    "establishmentDate": "2024-09-17T22:28:41.741Z",
    "studio": {
      "name": "g VdIlwSZb"
    }
  },
  {
    "name": "edawcygY",
    "coordinates": {
      "x": 172,
      "y": 185
    },
    "genre": "RAP",
    "numberOfParticipants": 4,
    "singlesCount": 38,
    "description": "Ez5OeQDPu2CXaOVzPPkf",
    "bestAlbum": {
      "name": "hcKfYAlMqbJ esJ",
      "tracks": 18,
      "length": 86,
      "sales": 933167
    },
    "albumsCount": 15,
    "establishmentDate": "2018-03-25T22:28:41.741Z",
    "studio": {
      "name": "QjbFDzHdNH"
    }
  },
  {
    "name": "moYJfPVx",
    "coordinates": {
      "x": 77,
      "y": 291
    },
    "genre": "POST_ROCK",
    "numberOfParticipants": 9,
    "singlesCount": 27,
    "description": "nqKE01vR699lwCcLlbni",
    "bestAlbum": {
      "name": "NgqTYauxFlORDWY",
      "tracks": 15,
      "length": 106,
      "sales": 124117
    },
    "albumsCount": 8,
    "establishmentDate": "2020-11-10T22:28:41.741Z",
    "studio": {
      "name": "wPNtrCdSzF"
    }
  },
  {
    "name": "bXqJkuFO",
    "coordinates": {
      "x": 22,
      "y": 278
    },
    "genre": "RAP",
    "numberOfParticipants": 7,
    "singlesCount": 49,
    "description": "A8hgTrB5S4BzrE5IZ6Y0",
    "bestAlbum": {
      "name": "sIwFBcvNiHnuzZr",
      "tracks": 20,
      "length": 36,
      "sales": 32110
    },
    "albumsCount": 9,
    "establishmentDate": "2022-09-29T22:28:41.741Z",
    "studio": {
      "name": "ECChJwqPwo"
    }
  },
  {
    "name": "TbCRTmyM",
    "coordinates": {
      "x": 169,
      "y": 147
    },
    "genre": "SOUL",
    "numberOfParticipants": 8,
    "singlesCount": 41,
    "description": "CRVVHyVwRucp44t4Zouc",
    "bestAlbum": {
      "name": "dBoKJmTbIvrTcSi",
      "tracks": 13,
      "length": 105,
      "sales": 535511
    },
    "albumsCount": 10,
    "establishmentDate": "2017-09-30T22:28:41.741Z",
    "studio": {
      "name": "VfJzCLfynw"
    }
  },
  {
    "name": "UbwsPuxS",
    "coordinates": {
      "x": 39,
      "y": 241
    },
    "genre": "RAP",
    "numberOfParticipants": 4,
    "singlesCount": 32,
    "description": "ZmiBdGAa5XZtQOMLhH6b",
    "bestAlbum": {
      "name": "zGsWax UxFIefbU",
      "tracks": 18,
      "length": 107,
      "sales": 9481
    },
    "albumsCount": 1,
    "establishmentDate": "2021-06-04T22:28:41.741Z",
    "studio": {
      "name": "cSSzwOkzht"
    }
  },
  {
    "name": "DlTFuDCS",
    "coordinates": {
      "x": 96,
      "y": 289
    },
    "genre": "SOUL",
    "numberOfParticipants": 7,
    "singlesCount": 16,
    "description": "Q1KcEcGXUF2GOEAhc4QZ",
    "bestAlbum": {
      "name": "QsAoEcyORqZacxM",
      "tracks": 14,
      "length": 52,
      "sales": 624145
    },
    "albumsCount": 1,
    "establishmentDate": "2020-02-06T22:28:41.742Z",
    "studio": {
      "name": "SzLSryRmRV"
    }
  },
  {
    "name": "cpQCmaum",
    "coordinates": {
      "x": 66,
      "y": 275
    },
    "genre": "SOUL",
    "numberOfParticipants": 1,
    "singlesCount": 20,
    "description": "kDUtlGAo ZFmSErrkyZe",
    "bestAlbum": {
      "name": "Bs H lkgYfSbmNp",
      "tracks": 8,
      "length": 87,
      "sales": 61949
    },
    "albumsCount": 9,
    "establishmentDate": "2024-11-11T22:28:41.742Z",
    "studio": {
      "name": "duPvV gM F"
    }
  },
  {
    "name": "lkuBPKWw",
    "coordinates": {
      "x": 59,
      "y": 220
    },
    "genre": "POST_ROCK",
    "numberOfParticipants": 7,
    "singlesCount": 21,
    "description": "DPAKhGyjHoZeF7SIf9Zd",
    "bestAlbum": {
      "name": "DFWilOaFpwJpJIV",
      "tracks": 15,
      "length": 47,
      "sales": 692333
    },
    "albumsCount": 7,
    "establishmentDate": "2020-04-28T22:28:41.742Z",
    "studio": {
      "name": "YrSVKzpMaS"
    }
  },
  {
    "name": "gvyMriQw",
    "coordinates": {
      "x": 127,
      "y": 184
    },
    "genre": "RAP",
    "numberOfParticipants": 9,
    "singlesCount": 2,
    "description": "fx5YCK4XI6us4BXR6G4s",
    "bestAlbum": {
      "name": "StxdJNRpCPiJqdg",
      "tracks": 16,
      "length": 62,
      "sales": 670076
    },
    "albumsCount": 7,
    "establishmentDate": "2021-08-25T22:28:41.742Z",
    "studio": {
      "name": "VAueIhZTIE"
    }
  },
  {
    "name": "RPiCTMaW",
    "coordinates": {
      "x": 191,
      "y": 187
    },
    "genre": "POST_ROCK",
    "numberOfParticipants": 1,
    "singlesCount": 19,
    "description": "1uEvIgbqpYfrBzWzVSmc",
    "bestAlbum": {
      "name": "PAC LGJMuUoce S",
      "tracks": 20,
      "length": 43,
      "sales": 141994
    },
    "albumsCount": 10,
    "establishmentDate": "2019-08-14T22:28:41.742Z",
    "studio": {
      "name": "OUnlqrWhpI"
    }
  },
  {
    "name": "nEywiZyD",
    "coordinates": {
      "x": 55,
      "y": 252
    },
    "genre": "SOUL",
    "numberOfParticipants": 6,
    "singlesCount": 23,
    "description": "2c2m8gF7TIl40z0HT2K1",
    "bestAlbum": {
      "name": "CrrmY vGZxMtfkf",
      "tracks": 11,
      "length": 82,
      "sales": 693177
    },
    "albumsCount": 10,
    "establishmentDate": "2021-09-02T22:28:41.742Z",
    "studio": {
      "name": "yKvDtLTAal"
    }
  },
  {
    "name": "jsOIqAXn",
    "coordinates": {
      "x": 113,
      "y": 278
    },
    "genre": "POST_ROCK",
    "numberOfParticipants": 1,
    "singlesCount": 6,
    "description": "t4ImuVhnJ ULTL5A5rkt",
    "bestAlbum": {
      "name": "aUfKwcISpyJDPhw",
      "tracks": 11,
      "length": 106,
      "sales": 660409
    },
    "albumsCount": 1,
    "establishmentDate": "2020-10-05T22:28:41.742Z",
    "studio": {
      "name": "OmqjUjDcmJ"
    }
  },
  {
    "name": "BlwwzaJu",
    "coordinates": {
      "x": 147,
      "y": 252
    },
    "genre": "RAP",
    "numberOfParticipants": 2,
    "singlesCount": 4,
    "description": "M4tuMVGFh9vJR53Lvn7C",
    "bestAlbum": {
      "name": "ZbmJFyBYQgiizfP",
      "tracks": 5,
      "length": 95,
      "sales": 421230
    },
    "albumsCount": 13,
    "establishmentDate": "2022-07-16T22:28:41.742Z",
    "studio": {
      "name": "kBDvJlvGF "
    }
  },
  {
    "name": "YlBrsFcS",
    "coordinates": {
      "x": 48,
      "y": 138
    },
    "genre": "POST_ROCK",
    "numberOfParticipants": 5,
    "singlesCount": 46,
    "description": "1GIRDNSOIlelsQd8PgEu",
    "bestAlbum": {
      "name": "peGVgctNkwbopuv",
      "tracks": 9,
      "length": 47,
      "sales": 981566
    },
    "albumsCount": 6,
    "establishmentDate": "2020-07-25T22:28:41.742Z",
    "studio": {
      "name": "QmhopFFvgM"
    }
  },
  {
    "name": "aARhRLxq",
    "coordinates": {
      "x": 38,
      "y": 265
    },
    "genre": "RAP",
    "numberOfParticipants": 2,
    "singlesCount": 42,
    "description": "vQcKhhvl7PlkCLaBEcbt",
    "bestAlbum": {
      "name": "EIXfJcEoGXbISVn",
      "tracks": 14,
      "length": 91,
      "sales": 489210
    },
    "albumsCount": 11,
    "establishmentDate": "2022-05-21T22:28:41.742Z",
    "studio": {
      "name": "pRdcKDLLXF"
    }
  },
  {
    "name": "roZMwjxP",
    "coordinates": {
      "x": 168,
      "y": 109
    },
    "genre": "SOUL",
    "numberOfParticipants": 2,
    "singlesCount": 6,
    "description": "wTY0Edg3IgOd1cBytjut",
    "bestAlbum": {
      "name": "nnvYTXVULc vbHd",
      "tracks": 20,
      "length": 43,
      "sales": 389372
    },
    "albumsCount": 10,
    "establishmentDate": "2016-12-29T22:28:41.742Z",
    "studio": {
      "name": "PUHnTsIbkf"
    }
  },
  {
    "name": "RZPFSyRM",
    "coordinates": {
      "x": 197,
      "y": 175
    },
    "genre": "POST_ROCK",
    "numberOfParticipants": 10,
    "singlesCount": 5,
    "description": "I xIEaBttxRpMOYqRRA1",
    "bestAlbum": {
      "name": "fUTCRClPLeExWHp",
      "tracks": 8,
      "length": 75,
      "sales": 845052
    },
    "albumsCount": 1,
    "establishmentDate": "2018-03-26T22:28:41.742Z",
    "studio": {
      "name": "unwkZHvhvD"
    }
  },
  {
    "name": "ypwnPqnX",
    "coordinates": {
      "x": 104,
      "y": 168
    },
    "genre": "SOUL",
    "numberOfParticipants": 3,
    "singlesCount": 32,
    "description": "KZeQUT2byQHSj Fho0Gf",
    "bestAlbum": {
      "name": "cBGnh urmZNHVim",
      "tracks": 15,
      "length": 73,
      "sales": 6970
    },
    "albumsCount": 8,
    "establishmentDate": "2021-04-10T22:28:41.742Z",
    "studio": {
      "name": "oPTcwmvcLm"
    }
  },
  {
    "name": "IgCaSJhE",
    "coordinates": {
      "x": 94,
      "y": 255
    },
    "genre": "RAP",
    "numberOfParticipants": 10,
    "singlesCount": 42,
    "description": "HcaZyOxM0MTl0wC1L9cs",
    "bestAlbum": {
      "name": "zlnfilvksr mbfR",
      "tracks": 20,
      "length": 31,
      "sales": 144325
    },
    "albumsCount": 10,
    "establishmentDate": "2022-11-06T22:28:41.742Z",
    "studio": {
      "name": "jKketOncej"
    }
  },
  {
    "name": "TuMpKWBl",
    "coordinates": {
      "x": 164,
      "y": 239
    },
    "genre": "POST_ROCK",
    "numberOfParticipants": 7,
    "singlesCount": 33,
    "description": "E BQWFGYEm0mOw42l04I",
    "bestAlbum": {
      "name": "sURwjyymXBQXLPE",
      "tracks": 8,
      "length": 43,
      "sales": 252258
    },
    "albumsCount": 11,
    "establishmentDate": "2022-06-25T22:28:41.742Z",
    "studio": {
      "name": "qagQ VUSyz"
    }
  },
  {
    "name": "xvVTFZeQ",
    "coordinates": {
      "x": 62,
      "y": 232
    },
    "genre": "SOUL",
    "numberOfParticipants": 4,
    "singlesCount": 5,
    "description": "10TlEldaYiwKnPORseIT",
    "bestAlbum": {
      "name": "rFeaYVqjbcfrAzw",
      "tracks": 5,
      "length": 56,
      "sales": 404363
    },
    "albumsCount": 1,
    "establishmentDate": "2017-05-06T22:28:41.742Z",
    "studio": {
      "name": "ZyjTYFWfah"
    }
  },
  {
    "name": "JrCWDWcM",
    "coordinates": {
      "x": 27,
      "y": 224
    },
    "genre": "SOUL",
    "numberOfParticipants": 2,
    "singlesCount": 48,
    "description": "YFznRwmzEldUwMI1uL0P",
    "bestAlbum": {
      "name": "AEYNvGpNiiWFKc ",
      "tracks": 5,
      "length": 59,
      "sales": 418436
    },
    "albumsCount": 8,
    "establishmentDate": "2019-11-23T22:28:41.742Z",
    "studio": {
      "name": "PCeETZJxlO"
    }
  },
  {
    "name": "ursDLLEf",
    "coordinates": {
      "x": 178,
      "y": 273
    },
    "genre": "SOUL",
    "numberOfParticipants": 3,
    "singlesCount": 47,
    "description": "jt3A764nHvcS2BpNzlyG",
    "bestAlbum": {
      "name": "bNPdtafuspuYU a",
      "tracks": 14,
      "length": 72,
      "sales": 758048
    },
    "albumsCount": 2,
    "establishmentDate": "2020-03-11T22:28:41.742Z",
    "studio": {
      "name": "JWgsSguKIG"
    }
  },
  {
    "name": "IyKyJnqM",
    "coordinates": {
      "x": 15,
      "y": 251
    },
    "genre": "RAP",
    "numberOfParticipants": 3,
    "singlesCount": 12,
    "description": "tF7jpeTyNTl0hP6rtuZ0",
    "bestAlbum": {
      "name": "Wng oDLqwvifKKV",
      "tracks": 13,
      "length": 87,
      "sales": 293432
    },
    "albumsCount": 9,
    "establishmentDate": "2023-03-31T22:28:41.742Z",
    "studio": {
      "name": "lfKUMRZdyX"
    }
  },
  {
    "name": "oyyilXFW",
    "coordinates": {
      "x": 82,
      "y": 163
    },
    "genre": "SOUL",
    "numberOfParticipants": 3,
    "singlesCount": 26,
    "description": "FOB eZjpEdnzAmoImrTp",
    "bestAlbum": {
      "name": "AtbmzmmYRPrESGz",
      "tracks": 14,
      "length": 36,
      "sales": 607688
    },
    "albumsCount": 7,
    "establishmentDate": "2018-11-22T22:28:41.742Z",
    "studio": {
      "name": "eNnUTQdgTT"
    }
  },
  {
    "name": "rPDCFXZs",
    "coordinates": {
      "x": 123,
      "y": 118
    },
    "genre": "SOUL",
    "numberOfParticipants": 4,
    "singlesCount": 8,
    "description": "XgYIGIzJNx7gqGMDJnBb",
    "bestAlbum": {
      "name": "aAUFpEmWDgRRvSK",
      "tracks": 6,
      "length": 88,
      "sales": 64236
    },
    "albumsCount": 7,
    "establishmentDate": "2018-12-07T22:28:41.742Z",
    "studio": {
      "name": "HkTHffTJGx"
    }
  },
  {
    "name": "fVBPwQgx",
    "coordinates": {
      "x": 141,
      "y": 138
    },
    "genre": "RAP",
    "numberOfParticipants": 1,
    "singlesCount": 23,
    "description": "xexWY0uAmoGXYraYlmgB",
    "bestAlbum": {
      "name": "ySpyExCWoJD zds",
      "tracks": 14,
      "length": 59,
      "sales": 92185
    },
    "albumsCount": 14,
    "establishmentDate": "2021-03-09T22:28:41.742Z",
    "studio": {
      "name": "xmnaABVyNk"
    }
  },
  {
    "name": "IIreSLSz",
    "coordinates": {
      "x": 12,
      "y": 246
    },
    "genre": "RAP",
    "numberOfParticipants": 6,
    "singlesCount": 28,
    "description": "CbpdxSIosUgO4uBRoDke",
    "bestAlbum": {
      "name": "cnDlPFtoyXNdkzQ",
      "tracks": 16,
      "length": 46,
      "sales": 545869
    },
    "albumsCount": 2,
    "establishmentDate": "2021-08-23T22:28:41.742Z",
    "studio": {
      "name": "RBgdojCEyV"
    }
  },
  {
    "name": "INpCEfEN",
    "coordinates": {
      "x": 65,
      "y": 153
    },
    "genre": "RAP",
    "numberOfParticipants": 2,
    "singlesCount": 34,
    "description": "SrZjcIo13yfsxoNFnOCj",
    "bestAlbum": {
      "name": "yGobnhCKofwxOgG",
      "tracks": 16,
      "length": 105,
      "sales": 265867
    },
    "albumsCount": 7,
    "establishmentDate": "2022-07-30T22:28:41.742Z",
    "studio": {
      "name": "UdkKjfsuSH"
    }
  },
  {
    "name": "fJhyHmcg",
    "coordinates": {
      "x": 93,
      "y": 123
    },
    "genre": "POST_ROCK",
    "numberOfParticipants": 5,
    "singlesCount": 34,
    "description": "nNHpy8msl6RdWKryn7S5",
    "bestAlbum": {
      "name": "ntbFbeVLYBYkx c",
      "tracks": 19,
      "length": 43,
      "sales": 9080
    },
    "albumsCount": 9,
    "establishmentDate": "2019-05-31T22:28:41.742Z",
    "studio": {
      "name": "iFJjJSJFSa"
    }
  },
  {
    "name": "GauxCXDN",
    "coordinates": {
      "x": 48,
      "y": 172
    },
    "genre": "RAP",
    "numberOfParticipants": 7,
    "singlesCount": 16,
    "description": "2l aeMAd137ivtOvhN7l",
    "bestAlbum": {
      "name": "CUtHIJoxIzAw Nr",
      "tracks": 20,
      "length": 45,
      "sales": 167896
    },
    "albumsCount": 13,
    "establishmentDate": "2019-03-10T22:28:41.742Z",
    "studio": {
      "name": "lcTybIfpxU"
    }
  },
  {
    "name": "MpSCvtWf",
    "coordinates": {
      "x": 92,
      "y": 209
    },
    "genre": "POST_ROCK",
    "numberOfParticipants": 5,
    "singlesCount": 35,
    "description": "S3ILUcn8kbXp2VYDTDne",
    "bestAlbum": {
      "name": "gRDAg etzuZeJbv",
      "tracks": 19,
      "length": 118,
      "sales": 242885
    },
    "albumsCount": 4,
    "establishmentDate": "2018-05-24T22:28:41.742Z",
    "studio": {
      "name": "acpFYAPMvn"
    }
  },
  {
    "name": "xetaEiGx",
    "coordinates": {
      "x": 48,
      "y": 236
    },
    "genre": "POST_ROCK",
    "numberOfParticipants": 2,
    "singlesCount": 45,
    "description": "ZILwMCekyEuOkSjyMLLD",
    "bestAlbum": {
      "name": "SSgDWdsYrYgbCYK",
      "tracks": 14,
      "length": 79,
      "sales": 28800
    },
    "albumsCount": 14,
    "establishmentDate": "2020-07-26T22:28:41.742Z",
    "studio": {
      "name": "KMOgTvvxdg"
    }
  },
  {
    "name": "KyWVyUNP",
    "coordinates": {
      "x": 35,
      "y": 183
    },
    "genre": "SOUL",
    "numberOfParticipants": 2,
    "singlesCount": 21,
    "description": "9G 0RURi2JwDe8pclw89",
    "bestAlbum": {
      "name": "YOsPJqGCwaHvRjK",
      "tracks": 18,
      "length": 93,
      "sales": 834529
    },
    "albumsCount": 14,
    "establishmentDate": "2021-06-02T22:28:41.742Z",
    "studio": {
      "name": "YzyZcvOlfK"
    }
  },
  {
    "name": "BUjMIkZG",
    "coordinates": {
      "x": 31,
      "y": 285
    },
    "genre": "POST_ROCK",
    "numberOfParticipants": 6,
    "singlesCount": 19,
    "description": "kXi1BEoeWO7UfdG 8cWP",
    "bestAlbum": {
      "name": "yNRjKQMWMZIFiZm",
      "tracks": 15,
      "length": 113,
      "sales": 739026
    },
    "albumsCount": 14,
    "establishmentDate": "2015-03-23T22:28:41.742Z",
    "studio": {
      "name": "QOchPQM gj"
    }
  },
  {
    "name": "dsKgJhFh",
    "coordinates": {
      "x": 49,
      "y": 209
    },
    "genre": "RAP",
    "numberOfParticipants": 10,
    "singlesCount": 35,
    "description": "02psaBMbt4HYL8RfyYq ",
    "bestAlbum": {
      "name": "DTxiIjsxCLF ltK",
      "tracks": 12,
      "length": 100,
      "sales": 349264
    },
    "albumsCount": 3,
    "establishmentDate": "2015-01-25T22:28:41.742Z",
    "studio": {
      "name": "zrRKxydvvt"
    }
  },
  {
    "name": "fmBJiQUW",
    "coordinates": {
      "x": 120,
      "y": 170
    },
    "genre": "RAP",
    "numberOfParticipants": 1,
    "singlesCount": 6,
    "description": "nQSBBOEgqM9VDfTBzZd8",
    "bestAlbum": {
      "name": "DLWHvyepOrsDGgV",
      "tracks": 8,
      "length": 99,
      "sales": 906511
    },
    "albumsCount": 12,
    "establishmentDate": "2019-01-19T22:28:41.742Z",
    "studio": {
      "name": "LtRK kehrF"
    }
  },
  {
    "name": "IGUuzXJF",
    "coordinates": {
      "x": 146,
      "y": 142
    },
    "genre": "POST_ROCK",
    "numberOfParticipants": 10,
    "singlesCount": 31,
    "description": "Xg4PEKoTYQC6ApthpoCs",
    "bestAlbum": {
      "name": "mUaxWkmaQzDJbWQ",
      "tracks": 19,
      "length": 80,
      "sales": 979351
    },
    "albumsCount": 4,
    "establishmentDate": "2015-10-29T22:28:41.742Z",
    "studio": {
      "name": "knPlsezMwW"
    }
  },
  {
    "name": "QyaTxFjk",
    "coordinates": {
      "x": 70,
      "y": 226
    },
    "genre": "RAP",
    "numberOfParticipants": 10,
    "singlesCount": 20,
    "description": "3gM0tMVhi3fyZuz4c6BX",
    "bestAlbum": {
      "name": " VckOnXkPmmRufh",
      "tracks": 18,
      "length": 44,
      "sales": 812112
    },
    "albumsCount": 11,
    "establishmentDate": "2017-04-07T22:28:41.742Z",
    "studio": {
      "name": "uXTHrtTEfF"
    }
  },
  {
    "name": "uRHpxKYg",
    "coordinates": {
      "x": 153,
      "y": 242
    },
    "genre": "SOUL",
    "numberOfParticipants": 8,
    "singlesCount": 50,
    "description": "GEzKDu9JTu3nl0VVioU ",
    "bestAlbum": {
      "name": "SOosZiFCzKvnKvQ",
      "tracks": 15,
      "length": 99,
      "sales": 681373
    },
    "albumsCount": 3,
    "establishmentDate": "2022-06-22T22:28:41.742Z",
    "studio": {
      "name": "QSyyXOugIW"
    }
  },
  {
    "name": "CSLwVxSf",
    "coordinates": {
      "x": 116,
      "y": 222
    },
    "genre": "POST_ROCK",
    "numberOfParticipants": 10,
    "singlesCount": 44,
    "description": "4Wl8OstrfDa21p1tzRQn",
    "bestAlbum": {
      "name": "BoIufeWObmSp gZ",
      "tracks": 19,
      "length": 108,
      "sales": 189531
    },
    "albumsCount": 4,
    "establishmentDate": "2018-05-26T22:28:41.742Z",
    "studio": {
      "name": "lzaIeKVroH"
    }
  },
  {
    "name": "waBbVOBg",
    "coordinates": {
      "x": 12,
      "y": 189
    },
    "genre": "SOUL",
    "numberOfParticipants": 4,
    "singlesCount": 24,
    "description": "b0jEibzReYXrZzYNYgnT",
    "bestAlbum": {
      "name": "VAPNUGiEzyLvIpG",
      "tracks": 10,
      "length": 86,
      "sales": 666200
    },
    "albumsCount": 13,
    "establishmentDate": "2023-09-09T22:28:41.742Z",
    "studio": {
      "name": "EksfLHgxgZ"
    }
  },
  {
    "name": "rsTvnufr",
    "coordinates": {
      "x": 172,
      "y": 206
    },
    "genre": "POST_ROCK",
    "numberOfParticipants": 6,
    "singlesCount": 14,
    "description": "NisJwclsztsZlTwS6qst",
    "bestAlbum": {
      "name": "lrBPPRMAXFFwFHR",
      "tracks": 12,
      "length": 68,
      "sales": 636652
    },
    "albumsCount": 9,
    "establishmentDate": "2018-09-09T22:28:41.742Z",
    "studio": {
      "name": "IaQrXHd wx"
    }
  },
  {
    "name": "ooBPdgKP",
    "coordinates": {
      "x": 186,
      "y": 107
    },
    "genre": "SOUL",
    "numberOfParticipants": 10,
    "singlesCount": 41,
    "description": "2b3rH3DofwcV7sXbWnqi",
    "bestAlbum": {
      "name": "QLEuHxcQujOzWIK",
      "tracks": 18,
      "length": 117,
      "sales": 472130
    },
    "albumsCount": 7,
    "establishmentDate": "2020-04-27T22:28:41.742Z",
    "studio": {
      "name": "ZLmPhHZGLq"
    }
  },
  {
    "name": "pFTWBcuE",
    "coordinates": {
      "x": 176,
      "y": 101
    },
    "genre": "POST_ROCK",
    "numberOfParticipants": 7,
    "singlesCount": 5,
    "description": "yiTrqCXIZ4Myiq8m07je",
    "bestAlbum": {
      "name": "YLvAwYMzp lCLoj",
      "tracks": 7,
      "length": 64,
      "sales": 487733
    },
    "albumsCount": 4,
    "establishmentDate": "2017-01-25T22:28:41.742Z",
    "studio": {
      "name": "BuhAKCbPPI"
    }
  },
  {
    "name": "QNHgQBuL",
    "coordinates": {
      "x": 25,
      "y": 261
    },
    "genre": "SOUL",
    "numberOfParticipants": 8,
    "singlesCount": 29,
    "description": "ObpTCxRBwMbm8m8TXqhQ",
    "bestAlbum": {
      "name": "keCcESKyDuVLruL",
      "tracks": 6,
      "length": 105,
      "sales": 333233
    },
    "albumsCount": 2,
    "establishmentDate": "2016-08-23T22:28:41.742Z",
    "studio": {
      "name": "vWAsUEBfHD"
    }
  },
  {
    "name": "sKpfOPCd",
    "coordinates": {
      "x": 115,
      "y": 194
    },
    "genre": "POST_ROCK",
    "numberOfParticipants": 7,
    "singlesCount": 26,
    "description": "2JCrFQI7M5G9TyMEWZ7a",
    "bestAlbum": {
      "name": "pNZcSegNElJxtBY",
      "tracks": 9,
      "length": 40,
      "sales": 778038
    },
    "albumsCount": 12,
    "establishmentDate": "2023-08-30T22:28:41.742Z",
    "studio": {
      "name": "FbzQPksIlA"
    }
  },
  {
    "name": "tBUhqaEQ",
    "coordinates": {
      "x": 17,
      "y": 122
    },
    "genre": "RAP",
    "numberOfParticipants": 2,
    "singlesCount": 13,
    "description": "Jma0rp9ws7sWJCcuDa21",
    "bestAlbum": {
      "name": "ulfpICocHdrAHEa",
      "tracks": 6,
      "length": 82,
      "sales": 136569
    },
    "albumsCount": 6,
    "establishmentDate": "2024-08-02T22:28:41.742Z",
    "studio": {
      "name": "obbQvNYrUX"
    }
  },
  {
    "name": "bgUrrQSi",
    "coordinates": {
      "x": 194,
      "y": 211
    },
    "genre": "SOUL",
    "numberOfParticipants": 8,
    "singlesCount": 33,
    "description": "VdnPtkY6Z7rTDZDGZtfl",
    "bestAlbum": {
      "name": "FcgsDtgYXKvEQZe",
      "tracks": 16,
      "length": 99,
      "sales": 716390
    },
    "albumsCount": 12,
    "establishmentDate": "2022-07-20T22:28:41.742Z",
    "studio": {
      "name": "VDevfwrwhu"
    }
  },
  {
    "name": "RjmtdbKn",
    "coordinates": {
      "x": 106,
      "y": 136
    },
    "genre": "POST_ROCK",
    "numberOfParticipants": 5,
    "singlesCount": 15,
    "description": "d3jEQNE2oehIIs70AJ8X",
    "bestAlbum": {
      "name": "YslXxzAwOiP sWw",
      "tracks": 5,
      "length": 37,
      "sales": 297213
    },
    "albumsCount": 5,
    "establishmentDate": "2020-02-16T22:28:41.742Z",
    "studio": {
      "name": "kEw ZNudos"
    }
  },
  {
    "name": "zQJksIxQ",
    "coordinates": {
      "x": 3,
      "y": 160
    },
    "genre": "RAP",
    "numberOfParticipants": 4,
    "singlesCount": 45,
    "description": "ePDKub3MiMmOAdOuHtcl",
    "bestAlbum": {
      "name": "aGEsMReWRzlPAjW",
      "tracks": 15,
      "length": 85,
      "sales": 733029
    },
    "albumsCount": 15,
    "establishmentDate": "2021-05-15T22:28:41.742Z",
    "studio": {
      "name": "ePqIOFcEcZ"
    }
  },
  {
    "name": "ghThOrhf",
    "coordinates": {
      "x": 80,
      "y": 280
    },
    "genre": "RAP",
    "numberOfParticipants": 1,
    "singlesCount": 22,
    "description": "9h5HyryLYuKeUeytJSgh",
    "bestAlbum": {
      "name": "mKFekfcrOIaydhz",
      "tracks": 15,
      "length": 58,
      "sales": 104854
    },
    "albumsCount": 10,
    "establishmentDate": "2024-03-12T22:28:41.743Z",
    "studio": {
      "name": "vRE TqzeLp"
    }
  },
  {
    "name": "tlylDaQB",
    "coordinates": {
      "x": 97,
      "y": 136
    },
    "genre": "RAP",
    "numberOfParticipants": 3,
    "singlesCount": 11,
    "description": "o6RBs390c9eeKGwXW8O6",
    "bestAlbum": {
      "name": "VvIeUpiYVzyBhGT",
      "tracks": 10,
      "length": 107,
      "sales": 789236
    },
    "albumsCount": 13,
    "establishmentDate": "2024-04-08T22:28:41.743Z",
    "studio": {
      "name": "HwhejjGgZf"
    }
  },
  {
    "name": "CYVhcARs",
    "coordinates": {
      "x": 104,
      "y": 266
    },
    "genre": "POST_ROCK",
    "numberOfParticipants": 8,
    "singlesCount": 34,
    "description": "afOjDZkdru1pJaVgM uq",
    "bestAlbum": {
      "name": "bWeliklmFaRDDzd",
      "tracks": 12,
      "length": 85,
      "sales": 13700
    },
    "albumsCount": 8,
    "establishmentDate": "2020-05-13T22:28:41.743Z",
    "studio": {
      "name": "lCzVJhCiKd"
    }
  },
  {
    "name": "vWlLRlPg",
    "coordinates": {
      "x": 46,
      "y": 164
    },
    "genre": "RAP",
    "numberOfParticipants": 10,
    "singlesCount": 5,
    "description": "a7ncFnIgG6wwWDmmaNBd",
    "bestAlbum": {
      "name": "YzUHwFMLJBrqs A",
      "tracks": 6,
      "length": 55,
      "sales": 867826
    },
    "albumsCount": 7,
    "establishmentDate": "2024-06-24T22:28:41.743Z",
    "studio": {
      "name": "SKIkDGy oX"
    }
  },
  {
    "name": "dTGRFdYW",
    "coordinates": {
      "x": 15,
      "y": 282
    },
    "genre": "SOUL",
    "numberOfParticipants": 8,
    "singlesCount": 24,
    "description": "dHtn0YG0rm5ajsY5qY3p",
    "bestAlbum": {
      "name": "rQN RjtKAhZXEYZ",
      "tracks": 16,
      "length": 31,
      "sales": 631694
    },
    "albumsCount": 7,
    "establishmentDate": "2021-08-17T22:28:41.743Z",
    "studio": {
      "name": "eaoOgzCHgc"
    }
  },
  {
    "name": "kSmQHgyd",
    "coordinates": {
      "x": 193,
      "y": 173
    },
    "genre": "RAP",
    "numberOfParticipants": 8,
    "singlesCount": 37,
    "description": "nq1At3ZaXCBWO4M30RLx",
    "bestAlbum": {
      "name": "GZloXWlRL sSVWY",
      "tracks": 9,
      "length": 59,
      "sales": 768693
    },
    "albumsCount": 11,
    "establishmentDate": "2020-07-18T22:28:41.743Z",
    "studio": {
      "name": "pBkHbskLzd"
    }
  },
  {
    "name": "ytnXIwwt",
    "coordinates": {
      "x": 77,
      "y": 114
    },
    "genre": "SOUL",
    "numberOfParticipants": 1,
    "singlesCount": 15,
    "description": "f5XfFOX3EQrGYN3a3bOX",
    "bestAlbum": {
      "name": "G bf mGsCcmkmCK",
      "tracks": 12,
      "length": 42,
      "sales": 47344
    },
    "albumsCount": 10,
    "establishmentDate": "2021-06-01T22:28:41.743Z",
    "studio": {
      "name": "JrSqquprrC"
    }
  },
  {
    "name": "FgNhfwIN",
    "coordinates": {
      "x": 200,
      "y": 115
    },
    "genre": "RAP",
    "numberOfParticipants": 8,
    "singlesCount": 23,
    "description": "yhDhaaxd QF8wvGTqIFm",
    "bestAlbum": {
      "name": "AMdDOjDyzOtzxBS",
      "tracks": 5,
      "length": 59,
      "sales": 368467
    },
    "albumsCount": 14,
    "establishmentDate": "2017-08-10T22:28:41.743Z",
    "studio": {
      "name": "tacHTwHIMh"
    }
  },
  {
    "name": "faEwNhIi",
    "coordinates": {
      "x": 92,
      "y": 212
    },
    "genre": "RAP",
    "numberOfParticipants": 5,
    "singlesCount": 28,
    "description": "IjOnXU pZUgDqxykH8Id",
    "bestAlbum": {
      "name": "XaAnNFlmZTDdeQ ",
      "tracks": 8,
      "length": 65,
      "sales": 815519
    },
    "albumsCount": 4,
    "establishmentDate": "2022-11-21T22:28:41.743Z",
    "studio": {
      "name": "oupJcVyCQB"
    }
  },
  {
    "name": "BMmRGXIx",
    "coordinates": {
      "x": 143,
      "y": 289
    },
    "genre": "SOUL",
    "numberOfParticipants": 3,
    "singlesCount": 47,
    "description": "HDiJKMD8GOKglaYR Mah",
    "bestAlbum": {
      "name": "abrtxnkSUYZHJyn",
      "tracks": 18,
      "length": 36,
      "sales": 831478
    },
    "albumsCount": 7,
    "establishmentDate": "2020-11-05T22:28:41.743Z",
    "studio": {
      "name": "vTjFzlU aL"
    }
  },
  {
    "name": "NyGAiRLV",
    "coordinates": {
      "x": 94,
      "y": 206
    },
    "genre": "RAP",
    "numberOfParticipants": 4,
    "singlesCount": 2,
    "description": "r9mEpj hXyz7XnGvp9bU",
    "bestAlbum": {
      "name": "ygQpttfzdxUujYC",
      "tracks": 20,
      "length": 81,
      "sales": 816834
    },
    "albumsCount": 15,
    "establishmentDate": "2019-11-01T22:28:41.743Z",
    "studio": {
      "name": "SIjhwpjnsU"
    }
  },
  {
    "name": "zzHYBUaJ",
    "coordinates": {
      "x": 18,
      "y": 165
    },
    "genre": "SOUL",
    "numberOfParticipants": 10,
    "singlesCount": 11,
    "description": "8n31Wb FpTbUfQQOpdrp",
    "bestAlbum": {
      "name": "oBNszAYvcdVLVWR",
      "tracks": 19,
      "length": 43,
      "sales": 989004
    },
    "albumsCount": 15,
    "establishmentDate": "2024-09-17T22:28:41.743Z",
    "studio": {
      "name": "ixKKMkisLR"
    }
  },
  {
    "name": "HzflqudO",
    "coordinates": {
      "x": 194,
      "y": 282
    },
    "genre": "RAP",
    "numberOfParticipants": 4,
    "singlesCount": 39,
    "description": "IFvv6ByJqh5beFlSgRzd",
    "bestAlbum": {
      "name": "GBWZfEZDXEcIUFe",
      "tracks": 15,
      "length": 45,
      "sales": 631574
    },
    "albumsCount": 5,
    "establishmentDate": "2018-09-14T22:28:41.743Z",
    "studio": {
      "name": "BlfgbDOkVv"
    }
  },
  {
    "name": "GxuPtfax",
    "coordinates": {
      "x": 98,
      "y": 245
    },
    "genre": "SOUL",
    "numberOfParticipants": 6,
    "singlesCount": 14,
    "description": "3LTO369vK1b1WKTW4s3h",
    "bestAlbum": {
      "name": "ZucEpRVW sQxtXe",
      "tracks": 5,
      "length": 50,
      "sales": 725594
    },
    "albumsCount": 7,
    "establishmentDate": "2022-08-09T22:28:41.743Z",
    "studio": {
      "name": "eNzIUOmkxX"
    }
  },
  {
    "name": "ECBbacYX",
    "coordinates": {
      "x": 167,
      "y": 107
    },
    "genre": "POST_ROCK",
    "numberOfParticipants": 3,
    "singlesCount": 1,
    "description": "lYk1KL4KoRHlz1KNDpZR",
    "bestAlbum": {
      "name": "eYaaSAFFTnPzLgW",
      "tracks": 17,
      "length": 77,
      "sales": 653271
    },
    "albumsCount": 7,
    "establishmentDate": "2020-09-09T22:28:41.743Z",
    "studio": {
      "name": "PYZtnkMVGC"
    }
  },
  {
    "name": "zCilYhaI",
    "coordinates": {
      "x": 21,
      "y": 257
    },
    "genre": "SOUL",
    "numberOfParticipants": 2,
    "singlesCount": 32,
    "description": "gfiDCz czc3SbRcPtiWW",
    "bestAlbum": {
      "name": "UpAtltIzeqbIgnl",
      "tracks": 8,
      "length": 37,
      "sales": 682293
    },
    "albumsCount": 12,
    "establishmentDate": "2024-09-26T22:28:41.743Z",
    "studio": {
      "name": "JPwz fdQTX"
    }
  },
  {
    "name": "dVWMGRTA",
    "coordinates": {
      "x": 18,
      "y": 220
    },
    "genre": "RAP",
    "numberOfParticipants": 9,
    "singlesCount": 48,
    "description": "Plr G 6xEAM4s95AEPmp",
    "bestAlbum": {
      "name": "aHkIRciE lgEZTK",
      "tracks": 10,
      "length": 88,
      "sales": 845996
    },
    "albumsCount": 5,
    "establishmentDate": "2015-03-02T22:28:41.743Z",
    "studio": {
      "name": "vdSqWPRjTX"
    }
  },
  {
    "name": "uOQvaaYn",
    "coordinates": {
      "x": 118,
      "y": 117
    },
    "genre": "SOUL",
    "numberOfParticipants": 7,
    "singlesCount": 29,
    "description": "qToWyqELcjOmaaMZOFZ6",
    "bestAlbum": {
      "name": "ljOGYijySvCeUtM",
      "tracks": 7,
      "length": 30,
      "sales": 732726
    },
    "albumsCount": 6,
    "establishmentDate": "2021-12-13T22:28:41.743Z",
    "studio": {
      "name": "zUMNIBsUnL"
    }
  },
  {
    "name": "votEsSFQ",
    "coordinates": {
      "x": 38,
      "y": 299
    },
    "genre": "SOUL",
    "numberOfParticipants": 5,
    "singlesCount": 18,
    "description": "ZstVz9QmsVGV80Xw14fw",
    "bestAlbum": {
      "name": "hQFLBNtEgdFyaKn",
      "tracks": 8,
      "length": 94,
      "sales": 727910
    },
    "albumsCount": 15,
    "establishmentDate": "2023-03-03T22:28:41.743Z",
    "studio": {
      "name": "CDyVngfkcv"
    }
  },
  {
    "name": "jssmJiAo",
    "coordinates": {
      "x": 188,
      "y": 135
    },
    "genre": "RAP",
    "numberOfParticipants": 1,
    "singlesCount": 13,
    "description": "tepbre4GtyZDeq4XVZUY",
    "bestAlbum": {
      "name": "bdhMfXFZLFeTqsT",
      "tracks": 11,
      "length": 79,
      "sales": 561216
    },
    "albumsCount": 6,
    "establishmentDate": "2020-06-24T22:28:41.743Z",
    "studio": {
      "name": "pWGiXwZZPi"
    }
  },
  {
    "name": "LPsmEDAV",
    "coordinates": {
      "x": 11,
      "y": 189
    },
    "genre": "POST_ROCK",
    "numberOfParticipants": 3,
    "singlesCount": 34,
    "description": "NpnNn6ZqNW9I1tSruwiT",
    "bestAlbum": {
      "name": "iUfPD JXwEqLvgL",
      "tracks": 9,
      "length": 39,
      "sales": 143471
    },
    "albumsCount": 7,
    "establishmentDate": "2019-05-23T22:28:41.743Z",
    "studio": {
      "name": "uRcehqmAbA"
    }
  },
  {
    "name": "SnBCfJQL",
    "coordinates": {
      "x": 102,
      "y": 154
    },
    "genre": "RAP",
    "numberOfParticipants": 3,
    "singlesCount": 42,
    "description": "Smy9Wd9l0ElWhInrX9VN",
    "bestAlbum": {
      "name": "ikHCu QZLjBCaLY",
      "tracks": 13,
      "length": 30,
      "sales": 56965
    },
    "albumsCount": 11,
    "establishmentDate": "2024-04-19T22:28:41.743Z",
    "studio": {
      "name": "rDgCaCjLlx"
    }
  },
  {
    "name": "EihXXJQh",
    "coordinates": {
      "x": 86,
      "y": 110
    },
    "genre": "RAP",
    "numberOfParticipants": 2,
    "singlesCount": 29,
    "description": "ylyLNVneNgYdhy7X4eak",
    "bestAlbum": {
      "name": "r jUxSRBclKKIoh",
      "tracks": 17,
      "length": 38,
      "sales": 378928
    },
    "albumsCount": 15,
    "establishmentDate": "2015-08-21T22:28:41.743Z",
    "studio": {
      "name": "khQAvwtTxO"
    }
  },
  {
    "name": "GTDRjSyq",
    "coordinates": {
      "x": 57,
      "y": 147
    },
    "genre": "SOUL",
    "numberOfParticipants": 10,
    "singlesCount": 41,
    "description": "8PLOl3xXCi5HQkdL7k8N",
    "bestAlbum": {
      "name": "MCIglVGuIrtBcmg",
      "tracks": 12,
      "length": 42,
      "sales": 572335
    },
    "albumsCount": 8,
    "establishmentDate": "2023-01-26T22:28:41.743Z",
    "studio": {
      "name": "yoZyBQFrMj"
    }
  },
  {
    "name": "myuumyFS",
    "coordinates": {
      "x": 178,
      "y": 272
    },
    "genre": "SOUL",
    "numberOfParticipants": 3,
    "singlesCount": 18,
    "description": "cwYtYYhnw4vimeWRR1UF",
    "bestAlbum": {
      "name": "IpLdbsGtuAYrRnB",
      "tracks": 7,
      "length": 97,
      "sales": 743050
    },
    "albumsCount": 6,
    "establishmentDate": "2016-03-03T22:28:41.743Z",
    "studio": {
      "name": "j lGmrFZAx"
    }
  },
  {
    "name": "wDNPvcDc",
    "coordinates": {
      "x": 157,
      "y": 279
    },
    "genre": "RAP",
    "numberOfParticipants": 7,
    "singlesCount": 15,
    "description": "bZP0fw9V8xBNW6mcatkW",
    "bestAlbum": {
      "name": "EAQzcnInEAbvnFw",
      "tracks": 15,
      "length": 50,
      "sales": 34958
    },
    "albumsCount": 15,
    "establishmentDate": "2021-08-17T22:28:41.743Z",
    "studio": {
      "name": "rHvbDRDnyZ"
    }
  },
  {
    "name": "NQLlxUhr",
    "coordinates": {
      "x": 81,
      "y": 236
    },
    "genre": "SOUL",
    "numberOfParticipants": 7,
    "singlesCount": 20,
    "description": "zbZbnADInWTe6aZVBFbo",
    "bestAlbum": {
      "name": "l qTmmJVbcjgsEI",
      "tracks": 15,
      "length": 117,
      "sales": 374490
    },
    "albumsCount": 4,
    "establishmentDate": "2021-10-14T22:28:41.743Z",
    "studio": {
      "name": "zrZPcFcSML"
    }
  },
  {
    "name": "chSiSugz",
    "coordinates": {
      "x": 163,
      "y": 167
    },
    "genre": "RAP",
    "numberOfParticipants": 1,
    "singlesCount": 1,
    "description": "z9qgjtJ7jNs7vME0WW9Y",
    "bestAlbum": {
      "name": "orVHYBjnBQkJWER",
      "tracks": 13,
      "length": 88,
      "sales": 157493
    },
    "albumsCount": 1,
    "establishmentDate": "2018-09-10T22:28:41.743Z",
    "studio": {
      "name": "aSktRrpxEC"
    }
  },
  {
    "name": "ibaUxcqR",
    "coordinates": {
      "x": 167,
      "y": 149
    },
    "genre": "RAP",
    "numberOfParticipants": 5,
    "singlesCount": 10,
    "description": "uoBIDlQkTYOwcq8HKlBY",
    "bestAlbum": {
      "name": "cNPEJVMdwwWSoez",
      "tracks": 6,
      "length": 75,
      "sales": 87501
    },
    "albumsCount": 8,
    "establishmentDate": "2020-01-14T22:28:41.743Z",
    "studio": {
      "name": "VvaRUgfKyD"
    }
  },
  {
    "name": "KBpmsySj",
    "coordinates": {
      "x": 14,
      "y": 222
    },
    "genre": "SOUL",
    "numberOfParticipants": 4,
    "singlesCount": 19,
    "description": "8NaQfJ31udM2BCmvsqTq",
    "bestAlbum": {
      "name": "DPzTzJqOjwjyaNC",
      "tracks": 6,
      "length": 97,
      "sales": 170526
    },
    "albumsCount": 9,
    "establishmentDate": "2022-04-17T22:28:41.743Z",
    "studio": {
      "name": "dfoAYfeJtB"
    }
  },
  {
    "name": "AVBuHYYy",
    "coordinates": {
      "x": 179,
      "y": 102
    },
    "genre": "SOUL",
    "numberOfParticipants": 5,
    "singlesCount": 41,
    "description": " BIcFrtwdFFLH4tRn4 j",
    "bestAlbum": {
      "name": "APSFPlKLaSKEemZ",
      "tracks": 11,
      "length": 68,
      "sales": 892370
    },
    "albumsCount": 10,
    "establishmentDate": "2018-02-18T22:28:41.743Z",
    "studio": {
      "name": "DsmkSXLNEJ"
    }
  },
  {
    "name": "MVjNsisM",
    "coordinates": {
      "x": 177,
      "y": 291
    },
    "genre": "POST_ROCK",
    "numberOfParticipants": 3,
    "singlesCount": 43,
    "description": "otyMDPL445 7nYTVx4PE",
    "bestAlbum": {
      "name": "LOCQOYPA PVUvPQ",
      "tracks": 18,
      "length": 100,
      "sales": 714219
    },
    "albumsCount": 9,
    "establishmentDate": "2017-10-10T22:28:41.743Z",
    "studio": {
      "name": "wwwZSTmMoH"
    }
  },
  {
    "name": "yeuTuOsE",
    "coordinates": {
      "x": 124,
      "y": 222
    },
    "genre": "RAP",
    "numberOfParticipants": 1,
    "singlesCount": 29,
    "description": "LmKyfyu6GQlhDOfvUSZs",
    "bestAlbum": {
      "name": "uLQjoTnrIgnKdfj",
      "tracks": 16,
      "length": 36,
      "sales": 4629
    },
    "albumsCount": 13,
    "establishmentDate": "2022-05-10T22:28:41.743Z",
    "studio": {
      "name": "QgSpKruaKc"
    }
  },
  {
    "name": "XhsdwFZz",
    "coordinates": {
      "x": 106,
      "y": 285
    },
    "genre": "SOUL",
    "numberOfParticipants": 3,
    "singlesCount": 10,
    "description": "t5l56z1UkrjMqRUkmMzu",
    "bestAlbum": {
      "name": "wRJTIORaaMutSdm",
      "tracks": 19,
      "length": 55,
      "sales": 473278
    },
    "albumsCount": 5,
    "establishmentDate": "2015-01-19T22:28:41.743Z",
    "studio": {
      "name": "mnBTnoux l"
    }
  },
  {
    "name": "BNaERYnn",
    "coordinates": {
      "x": 82,
      "y": 170
    },
    "genre": "POST_ROCK",
    "numberOfParticipants": 4,
    "singlesCount": 41,
    "description": "EP5fH4Zc49USs2rdwSdE",
    "bestAlbum": {
      "name": "bSVkXWBHkIqhBaL",
      "tracks": 7,
      "length": 107,
      "sales": 422803
    },
    "albumsCount": 10,
    "establishmentDate": "2017-04-02T22:28:41.743Z",
    "studio": {
      "name": "erPAXWpTOx"
    }
  },
  {
    "name": "qmjWlEgl",
    "coordinates": {
      "x": 134,
      "y": 287
    },
    "genre": "SOUL",
    "numberOfParticipants": 5,
    "singlesCount": 15,
    "description": "ICDP knL2 IAKVJDmwhu",
    "bestAlbum": {
      "name": "rsWMxzkqlmGuqNI",
      "tracks": 6,
      "length": 100,
      "sales": 546229
    },
    "albumsCount": 8,
    "establishmentDate": "2018-01-18T22:28:41.743Z",
    "studio": {
      "name": " ltHCGtMjN"
    }
  },
  {
    "name": "xLRpnCVV",
    "coordinates": {
      "x": 159,
      "y": 183
    },
    "genre": "RAP",
    "numberOfParticipants": 6,
    "singlesCount": 26,
    "description": "mk V43Ya uGJxRRbpUTE",
    "bestAlbum": {
      "name": "sTVHyOvQxvoIdaY",
      "tracks": 11,
      "length": 107,
      "sales": 499861
    },
    "albumsCount": 6,
    "establishmentDate": "2020-09-14T22:28:41.743Z",
    "studio": {
      "name": "zEmKWMVoO "
    }
  },
  {
    "name": "uGnPcREZ",
    "coordinates": {
      "x": 192,
      "y": 103
    },
    "genre": "POST_ROCK",
    "numberOfParticipants": 8,
    "singlesCount": 37,
    "description": "JokthZ73lByMMg1413Pp",
    "bestAlbum": {
      "name": "ywSpGsMVB UTHTH",
      "tracks": 11,
      "length": 118,
      "sales": 689150
    },
    "albumsCount": 14,
    "establishmentDate": "2023-10-07T22:28:41.743Z",
    "studio": {
      "name": "kvmTlczkzm"
    }
  },
  {
    "name": "OLaCsQSO",
    "coordinates": {
      "x": 58,
      "y": 197
    },
    "genre": "SOUL",
    "numberOfParticipants": 7,
    "singlesCount": 19,
    "description": "TX6GPlqlqKAwfWPT2BmR",
    "bestAlbum": {
      "name": "BqTgQHQjUiaiQbs",
      "tracks": 15,
      "length": 106,
      "sales": 523992
    },
    "albumsCount": 7,
    "establishmentDate": "2023-01-13T22:28:41.743Z",
    "studio": {
      "name": "WcVTNieIfc"
    }
  },
  {
    "name": "KrTryVzW",
    "coordinates": {
      "x": 132,
      "y": 182
    },
    "genre": "RAP",
    "numberOfParticipants": 1,
    "singlesCount": 44,
    "description": "Cd8UZJbP3U4zpuvniVGj",
    "bestAlbum": {
      "name": "We KuZYbiDHfJSO",
      "tracks": 18,
      "length": 78,
      "sales": 356781
    },
    "albumsCount": 15,
    "establishmentDate": "2020-08-02T22:28:41.743Z",
    "studio": {
      "name": "PToSkLSqVj"
    }
  },
  {
    "name": "CLFbUGHV",
    "coordinates": {
      "x": 80,
      "y": 147
    },
    "genre": "POST_ROCK",
    "numberOfParticipants": 3,
    "singlesCount": 38,
    "description": "WmJvFSBcqnegjQv8pDMQ",
    "bestAlbum": {
      "name": "AhGSinXZBgADOul",
      "tracks": 12,
      "length": 103,
      "sales": 949390
    },
    "albumsCount": 5,
    "establishmentDate": "2018-08-30T22:28:41.744Z",
    "studio": {
      "name": "VpxhhWLso "
    }
  },
  {
    "name": "iMCDQeAm",
    "coordinates": {
      "x": 25,
      "y": 285
    },
    "genre": "POST_ROCK",
    "numberOfParticipants": 4,
    "singlesCount": 50,
    "description": "ilCBqEaKFjSnUk e0R5X",
    "bestAlbum": {
      "name": "jp PlIRMhTImFFu",
      "tracks": 18,
      "length": 96,
      "sales": 92959
    },
    "albumsCount": 8,
    "establishmentDate": "2020-02-17T22:28:41.744Z",
    "studio": {
      "name": "jkcDYlXrgh"
    }
  },
  {
    "name": "sAhjODXa",
    "coordinates": {
      "x": 11,
      "y": 174
    },
    "genre": "POST_ROCK",
    "numberOfParticipants": 8,
    "singlesCount": 40,
    "description": "MraKSwKuJMHO 9XT7jGi",
    "bestAlbum": {
      "name": "tHdcgFJvgqwQpjp",
      "tracks": 15,
      "length": 40,
      "sales": 287231
    },
    "albumsCount": 15,
    "establishmentDate": "2018-01-12T22:28:41.744Z",
    "studio": {
      "name": "mczTxkAnkr"
    }
  },
  {
    "name": "ZJGnqjJx",
    "coordinates": {
      "x": 78,
      "y": 106
    },
    "genre": "POST_ROCK",
    "numberOfParticipants": 4,
    "singlesCount": 22,
    "description": "sU3fNr28DwNV9TzxB0tF",
    "bestAlbum": {
      "name": "GZnEOKkLwBCofFa",
      "tracks": 16,
      "length": 93,
      "sales": 645346
    },
    "albumsCount": 1,
    "establishmentDate": "2022-03-08T22:28:41.744Z",
    "studio": {
      "name": "jANkNTqMSE"
    }
  },
  {
    "name": "bRdadosX",
    "coordinates": {
      "x": 59,
      "y": 162
    },
    "genre": "POST_ROCK",
    "numberOfParticipants": 1,
    "singlesCount": 48,
    "description": "RvWRKOP9j6iy5ztwh8ob",
    "bestAlbum": {
      "name": "TuUPZoSMPKfgbok",
      "tracks": 10,
      "length": 77,
      "sales": 202967
    },
    "albumsCount": 15,
    "establishmentDate": "2020-03-22T22:28:41.744Z",
    "studio": {
      "name": "ggQGPlMchh"
    }
  },
  {
    "name": "omIEGMIM",
    "coordinates": {
      "x": 156,
      "y": 173
    },
    "genre": "RAP",
    "numberOfParticipants": 1,
    "singlesCount": 9,
    "description": "c VUVal0lL1vqe2l52CT",
    "bestAlbum": {
      "name": "hlLkjuLmfPblNlT",
      "tracks": 7,
      "length": 62,
      "sales": 705050
    },
    "albumsCount": 3,
    "establishmentDate": "2018-03-11T22:28:41.744Z",
    "studio": {
      "name": "TBnNystzdz"
    }
  },
  {
    "name": "LNGjazHg",
    "coordinates": {
      "x": 162,
      "y": 282
    },
    "genre": "SOUL",
    "numberOfParticipants": 8,
    "singlesCount": 27,
    "description": "vidME9ZyK7wo8J3VoaWs",
    "bestAlbum": {
      "name": "aWIlpqQHOzKAaMy",
      "tracks": 11,
      "length": 30,
      "sales": 508670
    },
    "albumsCount": 2,
    "establishmentDate": "2019-12-26T22:28:41.744Z",
    "studio": {
      "name": "KwmKVqTYVE"
    }
  },
  {
    "name": "ZMFCcNzl",
    "coordinates": {
      "x": 183,
      "y": 262
    },
    "genre": "POST_ROCK",
    "numberOfParticipants": 8,
    "singlesCount": 43,
    "description": "cvctq2tWd5QqkHVNZS2L",
    "bestAlbum": {
      "name": "dJZfq riQsFYEtT",
      "tracks": 17,
      "length": 49,
      "sales": 727968
    },
    "albumsCount": 1,
    "establishmentDate": "2023-11-02T22:28:41.744Z",
    "studio": {
      "name": "hmcNoTUEbf"
    }
  },
  {
    "name": "AoNIYQPH",
    "coordinates": {
      "x": 114,
      "y": 176
    },
    "genre": "SOUL",
    "numberOfParticipants": 4,
    "singlesCount": 9,
    "description": "hMTuSVfoa6W4fZGOzUQS",
    "bestAlbum": {
      "name": "teWzCeKnNwSptgr",
      "tracks": 9,
      "length": 117,
      "sales": 414515
    },
    "albumsCount": 9,
    "establishmentDate": "2022-04-16T22:28:41.744Z",
    "studio": {
      "name": "QBHZKwddtN"
    }
  },
  {
    "name": "eVjxYbHP",
    "coordinates": {
      "x": 36,
      "y": 251
    },
    "genre": "SOUL",
    "numberOfParticipants": 7,
    "singlesCount": 8,
    "description": "NpVlY0wdNf N672yVXZj",
    "bestAlbum": {
      "name": "XlLCHXaaSmeBQgx",
      "tracks": 18,
      "length": 56,
      "sales": 996248
    },
    "albumsCount": 14,
    "establishmentDate": "2019-11-15T22:28:41.744Z",
    "studio": {
      "name": "PHnukqsOrd"
    }
  },
  {
    "name": "thrMSAhx",
    "coordinates": {
      "x": 160,
      "y": 235
    },
    "genre": "RAP",
    "numberOfParticipants": 1,
    "singlesCount": 31,
    "description": "UW6AFdV55UYX4mFVxnH6",
    "bestAlbum": {
      "name": "uIsqdczCvptnUcY",
      "tracks": 11,
      "length": 75,
      "sales": 396129
    },
    "albumsCount": 7,
    "establishmentDate": "2022-12-15T22:28:41.744Z",
    "studio": {
      "name": "cPihpOXQhd"
    }
  },
  {
    "name": "YLZPusuR",
    "coordinates": {
      "x": 183,
      "y": 272
    },
    "genre": "POST_ROCK",
    "numberOfParticipants": 8,
    "singlesCount": 13,
    "description": "rFRwsiS5WaWdHsUCboG9",
    "bestAlbum": {
      "name": "KbVFQBcTc awMMn",
      "tracks": 12,
      "length": 81,
      "sales": 297187
    },
    "albumsCount": 12,
    "establishmentDate": "2022-02-21T22:28:41.744Z",
    "studio": {
      "name": "oZzUgdwScR"
    }
  },
  {
    "name": "YdBkpiLN",
    "coordinates": {
      "x": 77,
      "y": 220
    },
    "genre": "POST_ROCK",
    "numberOfParticipants": 9,
    "singlesCount": 36,
    "description": "Qp465iymAanwcFf5LtJI",
    "bestAlbum": {
      "name": "XhHJldDHLFgnrIS",
      "tracks": 20,
      "length": 97,
      "sales": 506297
    },
    "albumsCount": 1,
    "establishmentDate": "2017-10-31T22:28:41.744Z",
    "studio": {
      "name": "SUiLNIUtQD"
    }
  },
  {
    "name": "EvOFtXAa",
    "coordinates": {
      "x": 38,
      "y": 185
    },
    "genre": "SOUL",
    "numberOfParticipants": 6,
    "singlesCount": 11,
    "description": "gFEEQF3avXh6oNlzH74k",
    "bestAlbum": {
      "name": "SINzrBW LwLmBLO",
      "tracks": 14,
      "length": 69,
      "sales": 701733
    },
    "albumsCount": 12,
    "establishmentDate": "2016-04-11T22:28:41.744Z",
    "studio": {
      "name": "ckr qPMqTP"
    }
  },
  {
    "name": "NwvxSelj",
    "coordinates": {
      "x": 136,
      "y": 281
    },
    "genre": "RAP",
    "numberOfParticipants": 9,
    "singlesCount": 1,
    "description": "AS8bJn7ldewUPG6cXpPg",
    "bestAlbum": {
      "name": "qqlBLdCbBiQEHPF",
      "tracks": 15,
      "length": 93,
      "sales": 770738
    },
    "albumsCount": 1,
    "establishmentDate": "2016-10-26T22:28:41.744Z",
    "studio": {
      "name": "EmIWFUdjuW"
    }
  },
  {
    "name": "OhFbiYrE",
    "coordinates": {
      "x": 85,
      "y": 135
    },
    "genre": "POST_ROCK",
    "numberOfParticipants": 4,
    "singlesCount": 17,
    "description": "feLOAb GQgQHEY8uk6q9",
    "bestAlbum": {
      "name": "RKXeTpxGBWKGhtS",
      "tracks": 18,
      "length": 110,
      "sales": 347266
    },
    "albumsCount": 15,
    "establishmentDate": "2021-05-24T22:28:41.744Z",
    "studio": {
      "name": "gsCn ijsDg"
    }
  },
  {
    "name": "QRpDntSd",
    "coordinates": {
      "x": 102,
      "y": 231
    },
    "genre": "POST_ROCK",
    "numberOfParticipants": 5,
    "singlesCount": 2,
    "description": "pwfLo6C2bolmvIvs8Jcn",
    "bestAlbum": {
      "name": "SRDiFCuChftKyJA",
      "tracks": 8,
      "length": 78,
      "sales": 667492
    },
    "albumsCount": 12,
    "establishmentDate": "2018-07-26T22:28:41.744Z",
    "studio": {
      "name": "wUuiWjFJgP"
    }
  },
  {
    "name": "TCWpWGVK",
    "coordinates": {
      "x": 116,
      "y": 240
    },
    "genre": "SOUL",
    "numberOfParticipants": 4,
    "singlesCount": 36,
    "description": "JVw603RhXwKMttZrZ2tA",
    "bestAlbum": {
      "name": "OXirLlJRStSxVTt",
      "tracks": 11,
      "length": 92,
      "sales": 265418
    },
    "albumsCount": 9,
    "establishmentDate": "2022-12-02T22:28:41.744Z",
    "studio": {
      "name": "dLK TkoBYU"
    }
  },
  {
    "name": "oZncAmGv",
    "coordinates": {
      "x": 162,
      "y": 297
    },
    "genre": "SOUL",
    "numberOfParticipants": 3,
    "singlesCount": 20,
    "description": "UbhzajO4QbkO1y86EfLZ",
    "bestAlbum": {
      "name": "oAJhUsAvNNfYGZZ",
      "tracks": 19,
      "length": 79,
      "sales": 59388
    },
    "albumsCount": 7,
    "establishmentDate": "2020-03-16T22:28:41.744Z",
    "studio": {
      "name": "igdUgAMXnd"
    }
  },
  {
    "name": "rmSOYpaj",
    "coordinates": {
      "x": 3,
      "y": 172
    },
    "genre": "SOUL",
    "numberOfParticipants": 3,
    "singlesCount": 30,
    "description": "p9zbH0Ol6qUahjQ6h4Pu",
    "bestAlbum": {
      "name": "cvcOKRrfZUAAgJe",
      "tracks": 11,
      "length": 36,
      "sales": 137189
    },
    "albumsCount": 14,
    "establishmentDate": "2019-05-14T22:28:41.744Z",
    "studio": {
      "name": "QIrfpVW xY"
    }
  },
  {
    "name": "FAMEdaJm",
    "coordinates": {
      "x": 8,
      "y": 195
    },
    "genre": "SOUL",
    "numberOfParticipants": 10,
    "singlesCount": 17,
    "description": "B8PjYlv3AypFhrwYOvKe",
    "bestAlbum": {
      "name": "sPi xRoXrOVUlOL",
      "tracks": 19,
      "length": 101,
      "sales": 448594
    },
    "albumsCount": 5,
    "establishmentDate": "2024-02-07T22:28:41.744Z",
    "studio": {
      "name": "uWMQSnoEls"
    }
  },
  {
    "name": "SaTGLJwM",
    "coordinates": {
      "x": 91,
      "y": 204
    },
    "genre": "SOUL",
    "numberOfParticipants": 8,
    "singlesCount": 45,
    "description": "dEyTIERT4MOf14G8fsO1",
    "bestAlbum": {
      "name": "zWbHZ wUOVnLXeq",
      "tracks": 8,
      "length": 88,
      "sales": 3363
    },
    "albumsCount": 2,
    "establishmentDate": "2018-04-11T22:28:41.744Z",
    "studio": {
      "name": "pSguyeErle"
    }
  },
  {
    "name": "iTvijDhh",
    "coordinates": {
      "x": 30,
      "y": 142
    },
    "genre": "RAP",
    "numberOfParticipants": 9,
    "singlesCount": 36,
    "description": "D d6oUSaJwjg5L9mfE v",
    "bestAlbum": {
      "name": "jnuTQbDXLmTMvbt",
      "tracks": 18,
      "length": 36,
      "sales": 252178
    },
    "albumsCount": 6,
    "establishmentDate": "2022-03-25T22:28:41.744Z",
    "studio": {
      "name": "CLqylFPRiC"
    }
  },
  {
    "name": "DUeMgPwy",
    "coordinates": {
      "x": 118,
      "y": 285
    },
    "genre": "POST_ROCK",
    "numberOfParticipants": 4,
    "singlesCount": 35,
    "description": "yWDD5BtrrZTpmFAuUOaE",
    "bestAlbum": {
      "name": "gKwTdorLYaOawQj",
      "tracks": 11,
      "length": 69,
      "sales": 559691
    },
    "albumsCount": 9,
    "establishmentDate": "2024-05-22T22:28:41.744Z",
    "studio": {
      "name": "iYt aeCcuc"
    }
  },
  {
    "name": "QyMvilTK",
    "coordinates": {
      "x": 40,
      "y": 109
    },
    "genre": "POST_ROCK",
    "numberOfParticipants": 4,
    "singlesCount": 49,
    "description": "ZICkyQqjSoz1nlDK8UdD",
    "bestAlbum": {
      "name": "KQTeBybRThAQlmc",
      "tracks": 5,
      "length": 43,
      "sales": 887697
    },
    "albumsCount": 3,
    "establishmentDate": "2018-08-28T22:28:41.744Z",
    "studio": {
      "name": "JBGhWAdaIP"
    }
  },
  {
    "name": "SYXKlOze",
    "coordinates": {
      "x": 7,
      "y": 280
    },
    "genre": "SOUL",
    "numberOfParticipants": 3,
    "singlesCount": 42,
    "description": "2VREqYwTsXP8hyHyg4Bo",
    "bestAlbum": {
      "name": "wMoZ IB dfcuTxs",
      "tracks": 13,
      "length": 111,
      "sales": 202430
    },
    "albumsCount": 8,
    "establishmentDate": "2016-07-10T22:28:41.744Z",
    "studio": {
      "name": "d YT JnNpp"
    }
  },
  {
    "name": "gzLkkfNN",
    "coordinates": {
      "x": 171,
      "y": 262
    },
    "genre": "SOUL",
    "numberOfParticipants": 9,
    "singlesCount": 47,
    "description": "Uqx3LO4bjCRai2jcglLw",
    "bestAlbum": {
      "name": "hgMLX gbMZAFQvG",
      "tracks": 10,
      "length": 58,
      "sales": 803562
    },
    "albumsCount": 12,
    "establishmentDate": "2015-07-20T22:28:41.744Z",
    "studio": {
      "name": "YdfIkeIkIr"
    }
  },
  {
    "name": "DuoQZvVG",
    "coordinates": {
      "x": 64,
      "y": 167
    },
    "genre": "SOUL",
    "numberOfParticipants": 5,
    "singlesCount": 25,
    "description": "i3Uh8qucAviDSYKrfjlh",
    "bestAlbum": {
      "name": "KWife MGoSwKBKU",
      "tracks": 19,
      "length": 31,
      "sales": 848526
    },
    "albumsCount": 7,
    "establishmentDate": "2024-11-30T22:28:41.744Z",
    "studio": {
      "name": "ZrGnsQWOjU"
    }
  },
  {
    "name": "IjpWcfwS",
    "coordinates": {
      "x": 41,
      "y": 220
    },
    "genre": "POST_ROCK",
    "numberOfParticipants": 6,
    "singlesCount": 37,
    "description": "JIpswSr9mzcv1lmuotyH",
    "bestAlbum": {
      "name": "xHd NZSkxzyyPEt",
      "tracks": 8,
      "length": 92,
      "sales": 262923
    },
    "albumsCount": 14,
    "establishmentDate": "2021-07-05T22:28:41.744Z",
    "studio": {
      "name": "EfKAtmXAKz"
    }
  },
  {
    "name": "yrxwjBXm",
    "coordinates": {
      "x": 47,
      "y": 114
    },
    "genre": "RAP",
    "numberOfParticipants": 5,
    "singlesCount": 41,
    "description": "dK1rxU9ca5yNixtlGKvH",
    "bestAlbum": {
      "name": "eEPuQxDNunFnnUf",
      "tracks": 18,
      "length": 36,
      "sales": 822983
    },
    "albumsCount": 13,
    "establishmentDate": "2023-10-06T22:28:41.744Z",
    "studio": {
      "name": "iJrJbklHbE"
    }
  },
  {
    "name": "yJzzFlYY",
    "coordinates": {
      "x": 15,
      "y": 163
    },
    "genre": "RAP",
    "numberOfParticipants": 9,
    "singlesCount": 13,
    "description": "6Cdfdun7INrDpKQ7 Ike",
    "bestAlbum": {
      "name": "GKARgqdNcOQlZhK",
      "tracks": 18,
      "length": 57,
      "sales": 12940
    },
    "albumsCount": 7,
    "establishmentDate": "2024-10-28T22:28:41.744Z",
    "studio": {
      "name": "ypIVtdBsyT"
    }
  },
  {
    "name": "DspoWuuq",
    "coordinates": {
      "x": 190,
      "y": 202
    },
    "genre": "POST_ROCK",
    "numberOfParticipants": 8,
    "singlesCount": 28,
    "description": "IZDeuthqKk2rNEwCf2 E",
    "bestAlbum": {
      "name": "SfmWkBZXZZYVsMX",
      "tracks": 8,
      "length": 39,
      "sales": 475711
    },
    "albumsCount": 2,
    "establishmentDate": "2021-12-19T22:28:41.744Z",
    "studio": {
      "name": "StzieW FaB"
    }
  },
  {
    "name": "vIbejSho",
    "coordinates": {
      "x": 159,
      "y": 206
    },
    "genre": "POST_ROCK",
    "numberOfParticipants": 2,
    "singlesCount": 21,
    "description": "XhoZEFyOjAs0WU3QobEJ",
    "bestAlbum": {
      "name": "HragtcqTOoUCFMG",
      "tracks": 7,
      "length": 40,
      "sales": 823150
    },
    "albumsCount": 3,
    "establishmentDate": "2021-07-10T22:28:41.744Z",
    "studio": {
      "name": "OgjXOtgzYT"
    }
  },
  {
    "name": "hIuKpCbQ",
    "coordinates": {
      "x": 193,
      "y": 144
    },
    "genre": "RAP",
    "numberOfParticipants": 6,
    "singlesCount": 50,
    "description": "fyKc1CvMuHtBOPInjqS2",
    "bestAlbum": {
      "name": "BCZUXtJwWKadCjK",
      "tracks": 9,
      "length": 111,
      "sales": 762123
    },
    "albumsCount": 11,
    "establishmentDate": "2024-01-28T22:28:41.744Z",
    "studio": {
      "name": "mZNytsSkaJ"
    }
  },
  {
    "name": "SZrDAynN",
    "coordinates": {
      "x": 188,
      "y": 164
    },
    "genre": "RAP",
    "numberOfParticipants": 6,
    "singlesCount": 9,
    "description": "UlUl9oY2WGeehUEcYoGu",
    "bestAlbum": {
      "name": "TVQCfJHuZBweDam",
      "tracks": 13,
      "length": 92,
      "sales": 840266
    },
    "albumsCount": 3,
    "establishmentDate": "2020-01-23T22:28:41.744Z",
    "studio": {
      "name": "SpmDRbxKVY"
    }
  },
  {
    "name": "XcjYueUS",
    "coordinates": {
      "x": 11,
      "y": 164
    },
    "genre": "RAP",
    "numberOfParticipants": 3,
    "singlesCount": 4,
    "description": "YOOXHy9rPOpvHJsnKPwy",
    "bestAlbum": {
      "name": "tHfjug Zjs Wsnb",
      "tracks": 15,
      "length": 46,
      "sales": 394617
    },
    "albumsCount": 7,
    "establishmentDate": "2018-12-10T22:28:41.744Z",
    "studio": {
      "name": "WByASHmFAn"
    }
  },
  {
    "name": "twxwUizK",
    "coordinates": {
      "x": 126,
      "y": 109
    },
    "genre": "RAP",
    "numberOfParticipants": 4,
    "singlesCount": 48,
    "description": "uqe7nhlEYNssZMZ5iBxz",
    "bestAlbum": {
      "name": "PKeqVxYYaYPAQFV",
      "tracks": 18,
      "length": 110,
      "sales": 82474
    },
    "albumsCount": 9,
    "establishmentDate": "2020-11-06T22:28:41.744Z",
    "studio": {
      "name": "SQYEUnsdEM"
    }
  },
  {
    "name": "AZOGFrQt",
    "coordinates": {
      "x": 16,
      "y": 199
    },
    "genre": "RAP",
    "numberOfParticipants": 9,
    "singlesCount": 10,
    "description": "8dLlfol2Y LiQl0Cr9cB",
    "bestAlbum": {
      "name": "tjNBAnjEcPcxYdt",
      "tracks": 19,
      "length": 68,
      "sales": 46657
    },
    "albumsCount": 6,
    "establishmentDate": "2019-10-19T22:28:41.744Z",
    "studio": {
      "name": "iuhYZTsDBX"
    }
  },
  {
    "name": "SLBbHzVR",
    "coordinates": {
      "x": 18,
      "y": 278
    },
    "genre": "POST_ROCK",
    "numberOfParticipants": 2,
    "singlesCount": 5,
    "description": "t1MzmjrX3QEsKu6cJrTE",
    "bestAlbum": {
      "name": "VAEHH YQuENBtBw",
      "tracks": 16,
      "length": 88,
      "sales": 133360
    },
    "albumsCount": 14,
    "establishmentDate": "2020-04-14T22:28:41.744Z",
    "studio": {
      "name": "KGufgbDaca"
    }
  },
  {
    "name": "mUrEELaO",
    "coordinates": {
      "x": 162,
      "y": 175
    },
    "genre": "SOUL",
    "numberOfParticipants": 4,
    "singlesCount": 48,
    "description": "I8KMzgyv8p8TLTbZDrAJ",
    "bestAlbum": {
      "name": "xiqEQZGwpkGQvmz",
      "tracks": 12,
      "length": 38,
      "sales": 275226
    },
    "albumsCount": 3,
    "establishmentDate": "2016-07-19T22:28:41.744Z",
    "studio": {
      "name": "i eSGXpIpw"
    }
  },
  {
    "name": "sGqRQJAf",
    "coordinates": {
      "x": 188,
      "y": 217
    },
    "genre": "POST_ROCK",
    "numberOfParticipants": 7,
    "singlesCount": 28,
    "description": "j KgfVp5jSJqjm6Qh vD",
    "bestAlbum": {
      "name": "eBGjslZQSpyDkxq",
      "tracks": 6,
      "length": 54,
      "sales": 665136
    },
    "albumsCount": 4,
    "establishmentDate": "2020-05-04T22:28:41.744Z",
    "studio": {
      "name": "NZkEivazFq"
    }
  },
  {
    "name": "DptIkOmI",
    "coordinates": {
      "x": 169,
      "y": 239
    },
    "genre": "SOUL",
    "numberOfParticipants": 5,
    "singlesCount": 31,
    "description": "qOjL2ZqKok5MwxLzohUG",
    "bestAlbum": {
      "name": "VFcJjVANGcdaNvQ",
      "tracks": 13,
      "length": 40,
      "sales": 833645
    },
    "albumsCount": 1,
    "establishmentDate": "2020-07-10T22:28:41.744Z",
    "studio": {
      "name": "bZaTCLCIgJ"
    }
  },
  {
    "name": "kWzrGREJ",
    "coordinates": {
      "x": 165,
      "y": 109
    },
    "genre": "POST_ROCK",
    "numberOfParticipants": 6,
    "singlesCount": 19,
    "description": "vII65hfQYGc5EH qtbEi",
    "bestAlbum": {
      "name": "vCxwneVCrVjVQpE",
      "tracks": 12,
      "length": 50,
      "sales": 460700
    },
    "albumsCount": 2,
    "establishmentDate": "2017-03-21T22:28:41.744Z",
    "studio": {
      "name": "xYHhFPCeqz"
    }
  },
  {
    "name": "QFIqrvkf",
    "coordinates": {
      "x": 180,
      "y": 126
    },
    "genre": "RAP",
    "numberOfParticipants": 5,
    "singlesCount": 25,
    "description": "cKCb6X59OsmuJ8zbJr7P",
    "bestAlbum": {
      "name": "XFinIqqVvj sLam",
      "tracks": 10,
      "length": 82,
      "sales": 17067
    },
    "albumsCount": 3,
    "establishmentDate": "2021-04-27T22:28:41.744Z",
    "studio": {
      "name": "xrmgtQZzPU"
    }
  },
  {
    "name": "fDBJjNCy",
    "coordinates": {
      "x": 117,
      "y": 249
    },
    "genre": "POST_ROCK",
    "numberOfParticipants": 10,
    "singlesCount": 6,
    "description": "iIIAuTG9F8BlzSdVNH5r",
    "bestAlbum": {
      "name": "DlqtWYeCvdjZwtY",
      "tracks": 17,
      "length": 35,
      "sales": 569379
    },
    "albumsCount": 5,
    "establishmentDate": "2016-07-31T22:28:41.744Z",
    "studio": {
      "name": "BkkWWNYXPv"
    }
  },
  {
    "name": "ZqVHDdoa",
    "coordinates": {
      "x": 117,
      "y": 218
    },
    "genre": "POST_ROCK",
    "numberOfParticipants": 1,
    "singlesCount": 50,
    "description": "qu3R04hx7skk2poZQ6J7",
    "bestAlbum": {
      "name": "qLeVSGDnWpzATqt",
      "tracks": 17,
      "length": 70,
      "sales": 876574
    },
    "albumsCount": 15,
    "establishmentDate": "2015-11-04T22:28:41.744Z",
    "studio": {
      "name": "sDupM aeTx"
    }
  },
  {
    "name": "UzmjZEJl",
    "coordinates": {
      "x": 91,
      "y": 112
    },
    "genre": "POST_ROCK",
    "numberOfParticipants": 8,
    "singlesCount": 46,
    "description": "HrO2HUNMhkOP2OngTsSf",
    "bestAlbum": {
      "name": "HaSGsdENOjpPOLb",
      "tracks": 20,
      "length": 81,
      "sales": 962069
    },
    "albumsCount": 7,
    "establishmentDate": "2023-04-19T22:28:41.745Z",
    "studio": {
      "name": "qOVvKvJrhv"
    }
  },
  {
    "name": "ayBFiIEJ",
    "coordinates": {
      "x": 17,
      "y": 171
    },
    "genre": "POST_ROCK",
    "numberOfParticipants": 4,
    "singlesCount": 9,
    "description": "0KguiPcNanyLrta4ifd8",
    "bestAlbum": {
      "name": "HgDqrHa SwfUYkn",
      "tracks": 14,
      "length": 97,
      "sales": 677307
    },
    "albumsCount": 5,
    "establishmentDate": "2017-02-23T22:28:41.745Z",
    "studio": {
      "name": "SawUHjkniO"
    }
  },
  {
    "name": "LZyNktTD",
    "coordinates": {
      "x": 52,
      "y": 238
    },
    "genre": "RAP",
    "numberOfParticipants": 3,
    "singlesCount": 40,
    "description": "d4w7B  mOabXHaoJ7pxD",
    "bestAlbum": {
      "name": "TWzFjdppQLLNSEv",
      "tracks": 5,
      "length": 110,
      "sales": 532349
    },
    "albumsCount": 13,
    "establishmentDate": "2016-02-13T22:28:41.745Z",
    "studio": {
      "name": "PkMWyaZYLK"
    }
  },
  {
    "name": "xTBuxoBB",
    "coordinates": {
      "x": 172,
      "y": 151
    },
    "genre": "RAP",
    "numberOfParticipants": 5,
    "singlesCount": 14,
    "description": "qGZSSfFlzgcWd7qOtUzT",
    "bestAlbum": {
      "name": "iTLOWNPwgRnADAS",
      "tracks": 12,
      "length": 58,
      "sales": 127299
    },
    "albumsCount": 15,
    "establishmentDate": "2020-01-14T22:28:41.745Z",
    "studio": {
      "name": "ikhDXfZfvS"
    }
  },
  {
    "name": "JqAMeUnV",
    "coordinates": {
      "x": 30,
      "y": 261
    },
    "genre": "SOUL",
    "numberOfParticipants": 4,
    "singlesCount": 46,
    "description": "FqJaUiqUJDVwdsTsb6qt",
    "bestAlbum": {
      "name": "WMXdOY VcBICSmw",
      "tracks": 20,
      "length": 38,
      "sales": 20390
    },
    "albumsCount": 7,
    "establishmentDate": "2016-12-31T22:28:41.745Z",
    "studio": {
      "name": "NvfVEaFtLe"
    }
  },
  {
    "name": "ByyDdtBC",
    "coordinates": {
      "x": 161,
      "y": 198
    },
    "genre": "RAP",
    "numberOfParticipants": 2,
    "singlesCount": 40,
    "description": "1ONfrl2IbZHZgRQSTw3U",
    "bestAlbum": {
      "name": "DN gXvLzNGvhpVx",
      "tracks": 5,
      "length": 87,
      "sales": 654756
    },
    "albumsCount": 12,
    "establishmentDate": "2015-04-04T22:28:41.745Z",
    "studio": {
      "name": "ZQNljkcqaE"
    }
  },
  {
    "name": "IDoufZFf",
    "coordinates": {
      "x": 125,
      "y": 196
    },
    "genre": "SOUL",
    "numberOfParticipants": 9,
    "singlesCount": 14,
    "description": "prPrVWW6wyM0jvoVORMS",
    "bestAlbum": {
      "name": "TBBWUfLVJAURVYy",
      "tracks": 17,
      "length": 45,
      "sales": 916606
    },
    "albumsCount": 6,
    "establishmentDate": "2022-01-02T22:28:41.745Z",
    "studio": {
      "name": "OmJmYBHDgQ"
    }
  },
  {
    "name": "UpJhVgRI",
    "coordinates": {
      "x": 32,
      "y": 269
    },
    "genre": "SOUL",
    "numberOfParticipants": 3,
    "singlesCount": 41,
    "description": "0Fos86kqdt3EgKJd8n2Z",
    "bestAlbum": {
      "name": "xzcsAYNayGTqKfr",
      "tracks": 17,
      "length": 112,
      "sales": 311769
    },
    "albumsCount": 11,
    "establishmentDate": "2019-08-01T22:28:41.745Z",
    "studio": {
      "name": "duWIfCCAiR"
    }
  },
  {
    "name": "ngrIuHvu",
    "coordinates": {
      "x": 44,
      "y": 217
    },
    "genre": "SOUL",
    "numberOfParticipants": 1,
    "singlesCount": 3,
    "description": "bIKrJIKBwq4NdcF9LPGK",
    "bestAlbum": {
      "name": "ffkaaScJzHONaoK",
      "tracks": 17,
      "length": 35,
      "sales": 904453
    },
    "albumsCount": 9,
    "establishmentDate": "2022-07-16T22:28:41.745Z",
    "studio": {
      "name": "YGCtEONjIY"
    }
  },
  {
    "name": "ugrdyNlZ",
    "coordinates": {
      "x": 114,
      "y": 234
    },
    "genre": "POST_ROCK",
    "numberOfParticipants": 1,
    "singlesCount": 11,
    "description": "2FBOFOXbaHI5iYXYtlNo",
    "bestAlbum": {
      "name": "KFHWbSAnYWZBlSC",
      "tracks": 18,
      "length": 34,
      "sales": 848099
    },
    "albumsCount": 11,
    "establishmentDate": "2015-07-07T22:28:41.745Z",
    "studio": {
      "name": "NHLrOO Yyo"
    }
  },
  {
    "name": "lAvvVnIh",
    "coordinates": {
      "x": 71,
      "y": 117
    },
    "genre": "RAP",
    "numberOfParticipants": 8,
    "singlesCount": 48,
    "description": "gPHIJv4pbMLkktZK1mk4",
    "bestAlbum": {
      "name": "cgbiBjtgSieVRPH",
      "tracks": 8,
      "length": 63,
      "sales": 713649
    },
    "albumsCount": 14,
    "establishmentDate": "2017-09-09T22:28:41.745Z",
    "studio": {
      "name": "NxC UROwMH"
    }
  },
  {
    "name": "OVpwwNpG",
    "coordinates": {
      "x": 82,
      "y": 233
    },
    "genre": "RAP",
    "numberOfParticipants": 7,
    "singlesCount": 43,
    "description": "kVyjKgNispyGXkh6ZlDb",
    "bestAlbum": {
      "name": "WMDzjGyGEnEEpCA",
      "tracks": 13,
      "length": 41,
      "sales": 721911
    },
    "albumsCount": 12,
    "establishmentDate": "2019-07-14T22:28:41.745Z",
    "studio": {
      "name": "hheZTxnMjQ"
    }
  },
  {
    "name": "KdMorcuN",
    "coordinates": {
      "x": 150,
      "y": 211
    },
    "genre": "POST_ROCK",
    "numberOfParticipants": 3,
    "singlesCount": 27,
    "description": "ZrwM00C9RKWQ2DZVieiR",
    "bestAlbum": {
      "name": "Lm fKllgEplLwTQ",
      "tracks": 5,
      "length": 107,
      "sales": 939638
    },
    "albumsCount": 3,
    "establishmentDate": "2023-06-10T22:28:41.745Z",
    "studio": {
      "name": "tfxThjFKgr"
    }
  },
  {
    "name": "fHdOAWst",
    "coordinates": {
      "x": 48,
      "y": 100
    },
    "genre": "POST_ROCK",
    "numberOfParticipants": 4,
    "singlesCount": 11,
    "description": "yiraYNnxeZLxGVhtevGq",
    "bestAlbum": {
      "name": "oOKmehNxpwkidyj",
      "tracks": 18,
      "length": 31,
      "sales": 297205
    },
    "albumsCount": 15,
    "establishmentDate": "2020-02-28T22:28:41.745Z",
    "studio": {
      "name": "lUPTbIzDet"
    }
  },
  {
    "name": "UgIJfGXS",
    "coordinates": {
      "x": 136,
      "y": 157
    },
    "genre": "RAP",
    "numberOfParticipants": 6,
    "singlesCount": 11,
    "description": "BnQQJ7B74OX7QBFAEm0Y",
    "bestAlbum": {
      "name": "sDKUfSVxwhpmjfY",
      "tracks": 17,
      "length": 32,
      "sales": 138145
    },
    "albumsCount": 8,
    "establishmentDate": "2015-10-18T22:28:41.745Z",
    "studio": {
      "name": "xPKHXVoohq"
    }
  },
  {
    "name": "AwvaiWbn",
    "coordinates": {
      "x": 168,
      "y": 284
    },
    "genre": "SOUL",
    "numberOfParticipants": 6,
    "singlesCount": 3,
    "description": "WFf1NrMw78YzkNZatua2",
    "bestAlbum": {
      "name": "vqvfXhstPbxJSNx",
      "tracks": 19,
      "length": 116,
      "sales": 130978
    },
    "albumsCount": 15,
    "establishmentDate": "2021-10-16T22:28:41.745Z",
    "studio": {
      "name": "sYKSrrWRrK"
    }
  },
  {
    "name": "XIuWFzFI",
    "coordinates": {
      "x": 65,
      "y": 153
    },
    "genre": "SOUL",
    "numberOfParticipants": 2,
    "singlesCount": 44,
    "description": "ZkZlGDm5VheQ1uQQzCRf",
    "bestAlbum": {
      "name": "ZWwrPCHUhkjDJvB",
      "tracks": 15,
      "length": 65,
      "sales": 402232
    },
    "albumsCount": 1,
    "establishmentDate": "2023-02-12T22:28:41.745Z",
    "studio": {
      "name": "ZGWgvDjI E"
    }
  },
  {
    "name": "QEOsNKXq",
    "coordinates": {
      "x": 15,
      "y": 111
    },
    "genre": "POST_ROCK",
    "numberOfParticipants": 5,
    "singlesCount": 49,
    "description": "NWnWxoiGjNMdcapArs2J",
    "bestAlbum": {
      "name": "ndhnIWctqFXTKfu",
      "tracks": 9,
      "length": 49,
      "sales": 393082
    },
    "albumsCount": 10,
    "establishmentDate": "2024-09-18T22:28:41.745Z",
    "studio": {
      "name": "ChnsRUiuRH"
    }
  },
  {
    "name": "ZmTMFPdh",
    "coordinates": {
      "x": 65,
      "y": 266
    },
    "genre": "RAP",
    "numberOfParticipants": 6,
    "singlesCount": 17,
    "description": "1gEi86GO2LLGFcxhruGx",
    "bestAlbum": {
      "name": "rgnspaI EugUiaL",
      "tracks": 16,
      "length": 58,
      "sales": 132497
    },
    "albumsCount": 2,
    "establishmentDate": "2015-07-01T22:28:41.745Z",
    "studio": {
      "name": "ZWebNhnEju"
    }
  },
  {
    "name": "OpvjcFQX",
    "coordinates": {
      "x": 43,
      "y": 125
    },
    "genre": "SOUL",
    "numberOfParticipants": 9,
    "singlesCount": 30,
    "description": "LWVg965jZGHdQrYwFxO9",
    "bestAlbum": {
      "name": "DQySSXvdMqEESIw",
      "tracks": 12,
      "length": 66,
      "sales": 472629
    },
    "albumsCount": 10,
    "establishmentDate": "2018-08-03T22:28:41.745Z",
    "studio": {
      "name": "gRmOonfsuN"
    }
  },
  {
    "name": "MaThDWyk",
    "coordinates": {
      "x": 131,
      "y": 210
    },
    "genre": "RAP",
    "numberOfParticipants": 1,
    "singlesCount": 48,
    "description": "HtGg6E4cqKQAsJJb2EXw",
    "bestAlbum": {
      "name": "nLtB XFvGJkQvSP",
      "tracks": 19,
      "length": 63,
      "sales": 185935
    },
    "albumsCount": 7,
    "establishmentDate": "2023-04-22T22:28:41.745Z",
    "studio": {
      "name": "oUurkWzWJz"
    }
  },
  {
    "name": "sJCPXeiF",
    "coordinates": {
      "x": 29,
      "y": 171
    },
    "genre": "RAP",
    "numberOfParticipants": 3,
    "singlesCount": 10,
    "description": "RZdFPlHzqo if4fPnyWV",
    "bestAlbum": {
      "name": "bPKWgkJWBhmbJLa",
      "tracks": 17,
      "length": 118,
      "sales": 357542
    },
    "albumsCount": 4,
    "establishmentDate": "2023-07-25T22:28:41.745Z",
    "studio": {
      "name": "GeiuLEJdgi"
    }
  },
  {
    "name": "Ofoztzie",
    "coordinates": {
      "x": 72,
      "y": 239
    },
    "genre": "SOUL",
    "numberOfParticipants": 2,
    "singlesCount": 16,
    "description": "A1yaTgBki0 KOEvQ0n89",
    "bestAlbum": {
      "name": "vCheVTPEwhQQmcD",
      "tracks": 14,
      "length": 90,
      "sales": 737642
    },
    "albumsCount": 3,
    "establishmentDate": "2022-05-23T22:28:41.745Z",
    "studio": {
      "name": "GFliGEmFcF"
    }
  },
  {
    "name": "EMdTZGnV",
    "coordinates": {
      "x": 97,
      "y": 216
    },
    "genre": "POST_ROCK",
    "numberOfParticipants": 2,
    "singlesCount": 18,
    "description": "LbczKWuiELnjKG8xeN h",
    "bestAlbum": {
      "name": " ihoBHuOiFzGIaH",
      "tracks": 7,
      "length": 39,
      "sales": 407587
    },
    "albumsCount": 9,
    "establishmentDate": "2022-08-29T22:28:41.745Z",
    "studio": {
      "name": "UVEVLMZdQm"
    }
  },
  {
    "name": "oUDemRrt",
    "coordinates": {
      "x": 100,
      "y": 185
    },
    "genre": "SOUL",
    "numberOfParticipants": 10,
    "singlesCount": 15,
    "description": "QAPhlyzlFk4WZmrOKsUn",
    "bestAlbum": {
      "name": "h VUUCdlAsCvOUv",
      "tracks": 8,
      "length": 42,
      "sales": 630012
    },
    "albumsCount": 2,
    "establishmentDate": "2021-08-25T22:28:41.745Z",
    "studio": {
      "name": "BpI ENlwr "
    }
  },
  {
    "name": "ImZJrNWc",
    "coordinates": {
      "x": 194,
      "y": 203
    },
    "genre": "RAP",
    "numberOfParticipants": 3,
    "singlesCount": 30,
    "description": "HRe6ytQvJZqZTAzxEdMj",
    "bestAlbum": {
      "name": "pYeionvzlzIf HG",
      "tracks": 16,
      "length": 40,
      "sales": 883155
    },
    "albumsCount": 11,
    "establishmentDate": "2022-02-01T22:28:41.745Z",
    "studio": {
      "name": "ljtOGRlBZd"
    }
  },
  {
    "name": "FPSKTrxi",
    "coordinates": {
      "x": 200,
      "y": 217
    },
    "genre": "SOUL",
    "numberOfParticipants": 8,
    "singlesCount": 2,
    "description": "haw7 K1bfCQjtiZOKXeA",
    "bestAlbum": {
      "name": "XraPvzsAdutbgir",
      "tracks": 14,
      "length": 63,
      "sales": 78205
    },
    "albumsCount": 12,
    "establishmentDate": "2024-11-27T22:28:41.745Z",
    "studio": {
      "name": "srIePMMIlY"
    }
  },
  {
    "name": "hreeFJXE",
    "coordinates": {
      "x": 91,
      "y": 289
    },
    "genre": "RAP",
    "numberOfParticipants": 8,
    "singlesCount": 10,
    "description": "EnGKZIHQmJPu2LNXCQLA",
    "bestAlbum": {
      "name": "qGWEYtaSBECedNt",
      "tracks": 19,
      "length": 55,
      "sales": 980578
    },
    "albumsCount": 15,
    "establishmentDate": "2018-11-06T22:28:41.745Z",
    "studio": {
      "name": "OrCDRUjvxv"
    }
  },
  {
    "name": "HoCkCRdo",
    "coordinates": {
      "x": 147,
      "y": 252
    },
    "genre": "POST_ROCK",
    "numberOfParticipants": 3,
    "singlesCount": 35,
    "description": "CD1eKuG8Ko6l8QUnNmmv",
    "bestAlbum": {
      "name": "mKUhHnGSSerwpYW",
      "tracks": 9,
      "length": 112,
      "sales": 873009
    },
    "albumsCount": 4,
    "establishmentDate": "2019-09-26T22:28:41.745Z",
    "studio": {
      "name": "kLDRGNUFO "
    }
  },
  {
    "name": "HGNrdWRb",
    "coordinates": {
      "x": 107,
      "y": 222
    },
    "genre": "RAP",
    "numberOfParticipants": 2,
    "singlesCount": 4,
    "description": "Klon0ZdlZNJhem2e8Cjm",
    "bestAlbum": {
      "name": "ObYgScpoqsXldfH",
      "tracks": 11,
      "length": 90,
      "sales": 660900
    },
    "albumsCount": 10,
    "establishmentDate": "2020-04-30T22:28:41.745Z",
    "studio": {
      "name": "xNEahTACry"
    }
  },
  {
    "name": "XFdbtadG",
    "coordinates": {
      "x": 173,
      "y": 267
    },
    "genre": "SOUL",
    "numberOfParticipants": 5,
    "singlesCount": 3,
    "description": "6Gs18QyOsEmiATJwksG0",
    "bestAlbum": {
      "name": "PjbexfjPtKvBwto",
      "tracks": 8,
      "length": 39,
      "sales": 688348
    },
    "albumsCount": 5,
    "establishmentDate": "2021-12-09T22:28:41.745Z",
    "studio": {
      "name": "PtSYnxIOMk"
    }
  },
  {
    "name": "RzrJEVQG",
    "coordinates": {
      "x": 125,
      "y": 205
    },
    "genre": "SOUL",
    "numberOfParticipants": 9,
    "singlesCount": 41,
    "description": "Wrma887nfKX1w1mjeLCs",
    "bestAlbum": {
      "name": "Y hkOUARkuVq b ",
      "tracks": 7,
      "length": 67,
      "sales": 312612
    },
    "albumsCount": 1,
    "establishmentDate": "2017-05-15T22:28:41.745Z",
    "studio": {
      "name": "LReLX gdUg"
    }
  },
  {
    "name": "JiIyFTbn",
    "coordinates": {
      "x": 155,
      "y": 163
    },
    "genre": "POST_ROCK",
    "numberOfParticipants": 6,
    "singlesCount": 19,
    "description": "ddBO4Hrv1 Bg876Jgj6z",
    "bestAlbum": {
      "name": "GpRcN orgtietfL",
      "tracks": 8,
      "length": 119,
      "sales": 784125
    },
    "albumsCount": 14,
    "establishmentDate": "2021-06-16T22:28:41.745Z",
    "studio": {
      "name": "KWNYKuENyT"
    }
  },
  {
    "name": "avErfGwZ",
    "coordinates": {
      "x": 125,
      "y": 206
    },
    "genre": "RAP",
    "numberOfParticipants": 5,
    "singlesCount": 43,
    "description": "CaE0yXjYYIdfQCAnbBqP",
    "bestAlbum": {
      "name": "ZrfdM LwDl lHXo",
      "tracks": 19,
      "length": 71,
      "sales": 891993
    },
    "albumsCount": 4,
    "establishmentDate": "2015-12-25T22:28:41.745Z",
    "studio": {
      "name": "ZpAyyUfUrn"
    }
  },
  {
    "name": "FdBuqHIo",
    "coordinates": {
      "x": 10,
      "y": 271
    },
    "genre": "SOUL",
    "numberOfParticipants": 2,
    "singlesCount": 29,
    "description": "Deyq1o 9w9p0j2ufo0nc",
    "bestAlbum": {
      "name": "NiqWVstBMpMkySa",
      "tracks": 8,
      "length": 51,
      "sales": 992078
    },
    "albumsCount": 10,
    "establishmentDate": "2019-11-18T22:28:41.745Z",
    "studio": {
      "name": "eQKdjMKNJb"
    }
  },
  {
    "name": "ViboExYM",
    "coordinates": {
      "x": 160,
      "y": 260
    },
    "genre": "SOUL",
    "numberOfParticipants": 4,
    "singlesCount": 18,
    "description": "nmLSgJRy58kGRCOHwPV8",
    "bestAlbum": {
      "name": "fekguXadqWxoDCz",
      "tracks": 18,
      "length": 113,
      "sales": 167505
    },
    "albumsCount": 9,
    "establishmentDate": "2024-07-04T22:28:41.745Z",
    "studio": {
      "name": "CIWELczvEu"
    }
  },
  {
    "name": "rJFBSafx",
    "coordinates": {
      "x": 54,
      "y": 291
    },
    "genre": "RAP",
    "numberOfParticipants": 9,
    "singlesCount": 16,
    "description": "zAfkfzXqPIw06O51aIYp",
    "bestAlbum": {
      "name": "YYlGqMRGoNfuZqi",
      "tracks": 8,
      "length": 52,
      "sales": 244675
    },
    "albumsCount": 7,
    "establishmentDate": "2022-11-13T22:28:41.745Z",
    "studio": {
      "name": "dHEpeZdyWg"
    }
  },
  {
    "name": "vjhMIkNl",
    "coordinates": {
      "x": 144,
      "y": 132
    },
    "genre": "SOUL",
    "numberOfParticipants": 10,
    "singlesCount": 46,
    "description": "HRQmPvYOoWdV4fJ16uER",
    "bestAlbum": {
      "name": "SGVNzQDzpiDGo K",
      "tracks": 7,
      "length": 100,
      "sales": 974127
    },
    "albumsCount": 8,
    "establishmentDate": "2016-11-21T22:28:41.745Z",
    "studio": {
      "name": "yu fvyBYGZ"
    }
  },
  {
    "name": "VljHAlda",
    "coordinates": {
      "x": 85,
      "y": 107
    },
    "genre": "RAP",
    "numberOfParticipants": 10,
    "singlesCount": 39,
    "description": "HDcYC02iiD9uZM3b4Tww",
    "bestAlbum": {
      "name": "gjTgFEwjKI pRUn",
      "tracks": 15,
      "length": 99,
      "sales": 206676
    },
    "albumsCount": 6,
    "establishmentDate": "2023-07-22T22:28:41.745Z",
    "studio": {
      "name": "kqmoLDRVPY"
    }
  },
  {
    "name": "ZDOggLHH",
    "coordinates": {
      "x": 99,
      "y": 261
    },
    "genre": "RAP",
    "numberOfParticipants": 2,
    "singlesCount": 45,
    "description": " 7AJ65IUm i9c84irpxG",
    "bestAlbum": {
      "name": "lLGs kkyzvkMBkf",
      "tracks": 9,
      "length": 47,
      "sales": 700376
    },
    "albumsCount": 9,
    "establishmentDate": "2016-03-26T22:28:41.745Z",
    "studio": {
      "name": "etstFheBKT"
    }
  },
  {
    "name": "ONSfyACP",
    "coordinates": {
      "x": 197,
      "y": 216
    },
    "genre": "POST_ROCK",
    "numberOfParticipants": 10,
    "singlesCount": 15,
    "description": "avuwHThxIYwOh1HNYyC6",
    "bestAlbum": {
      "name": "iHtBTfLpfwxihgP",
      "tracks": 9,
      "length": 53,
      "sales": 226541
    },
    "albumsCount": 4,
    "establishmentDate": "2017-11-11T22:28:41.745Z",
    "studio": {
      "name": "ztTFIMZjBA"
    }
  },
  {
    "name": "GHbjzDOl",
    "coordinates": {
      "x": 9,
      "y": 238
    },
    "genre": "RAP",
    "numberOfParticipants": 1,
    "singlesCount": 1,
    "description": "A0HcmybiB9kePtsH3Fsj",
    "bestAlbum": {
      "name": "rALoHRpAWAJZzoS",
      "tracks": 14,
      "length": 78,
      "sales": 90587
    },
    "albumsCount": 4,
    "establishmentDate": "2021-01-09T22:28:41.745Z",
    "studio": {
      "name": "iZyLQOpXqV"
    }
  },
  {
    "name": "QBndvHrp",
    "coordinates": {
      "x": 71,
      "y": 227
    },
    "genre": "POST_ROCK",
    "numberOfParticipants": 6,
    "singlesCount": 4,
    "description": "fT1tusnSx372aTpD0pdF",
    "bestAlbum": {
      "name": "zGfffSVMpPafMM ",
      "tracks": 15,
      "length": 85,
      "sales": 205696
    },
    "albumsCount": 6,
    "establishmentDate": "2016-01-17T22:28:41.745Z",
    "studio": {
      "name": "LtYXcUVwVB"
    }
  },
  {
    "name": "XpQYnfTm",
    "coordinates": {
      "x": 132,
      "y": 245
    },
    "genre": "POST_ROCK",
    "numberOfParticipants": 6,
    "singlesCount": 26,
    "description": "dtVXqnhNk0qoWpL3uYhA",
    "bestAlbum": {
      "name": "nwcdDBwDfZwqZMi",
      "tracks": 20,
      "length": 32,
      "sales": 142608
    },
    "albumsCount": 10,
    "establishmentDate": "2022-07-24T22:28:41.745Z",
    "studio": {
      "name": "AbVTZsilCw"
    }
  },
  {
    "name": "EBmsCwVM",
    "coordinates": {
      "x": 42,
      "y": 106
    },
    "genre": "SOUL",
    "numberOfParticipants": 2,
    "singlesCount": 49,
    "description": "zmg1utquyoLNk5c6lwIg",
    "bestAlbum": {
      "name": "qVEYOtgBPrHKVac",
      "tracks": 7,
      "length": 30,
      "sales": 765464
    },
    "albumsCount": 13,
    "establishmentDate": "2022-03-14T22:28:41.745Z",
    "studio": {
      "name": "rmjqWaOOhM"
    }
  },
  {
    "name": "gUemdooY",
    "coordinates": {
      "x": 170,
      "y": 246
    },
    "genre": "RAP",
    "numberOfParticipants": 8,
    "singlesCount": 23,
    "description": "cRINpDLFTjreSPSjH0Bs",
    "bestAlbum": {
      "name": "PByfpdtrcOOqBFc",
      "tracks": 19,
      "length": 55,
      "sales": 487325
    },
    "albumsCount": 2,
    "establishmentDate": "2018-07-03T22:28:41.745Z",
    "studio": {
      "name": "ORHskqqgCW"
    }
  },
  {
    "name": "QppzhSBa",
    "coordinates": {
      "x": 104,
      "y": 288
    },
    "genre": "SOUL",
    "numberOfParticipants": 7,
    "singlesCount": 8,
    "description": "B07tLklq 9tV6SCtpSdB",
    "bestAlbum": {
      "name": "trKCzYyTvpr LrP",
      "tracks": 8,
      "length": 91,
      "sales": 746440
    },
    "albumsCount": 13,
    "establishmentDate": "2022-02-19T22:28:41.745Z",
    "studio": {
      "name": "O JwwoyeJa"
    }
  },
  {
    "name": "iHgozLGI",
    "coordinates": {
      "x": 167,
      "y": 260
    },
    "genre": "POST_ROCK",
    "numberOfParticipants": 4,
    "singlesCount": 11,
    "description": "ZESlZRLj2o5BUO9rAg5u",
    "bestAlbum": {
      "name": "YwH GAtAhYUZNhx",
      "tracks": 8,
      "length": 39,
      "sales": 771509
    },
    "albumsCount": 1,
    "establishmentDate": "2023-04-25T22:28:41.745Z",
    "studio": {
      "name": " AoAyGABOZ"
    }
  },
  {
    "name": "maeSmgUw",
    "coordinates": {
      "x": 181,
      "y": 193
    },
    "genre": "RAP",
    "numberOfParticipants": 4,
    "singlesCount": 14,
    "description": "L4xfXMU65V6gyeg2 ZqT",
    "bestAlbum": {
      "name": "KqlllxHQBbkdEad",
      "tracks": 9,
      "length": 89,
      "sales": 149643
    },
    "albumsCount": 13,
    "establishmentDate": "2018-11-27T22:28:41.746Z",
    "studio": {
      "name": "PZaDiHpUvv"
    }
  },
  {
    "name": "GqvdKGsp",
    "coordinates": {
      "x": 68,
      "y": 109
    },
    "genre": "SOUL",
    "numberOfParticipants": 4,
    "singlesCount": 23,
    "description": "JaWf7EIrxQA9v5D6mZFO",
    "bestAlbum": {
      "name": "TBQDKWHemXNuNAk",
      "tracks": 10,
      "length": 106,
      "sales": 607609
    },
    "albumsCount": 9,
    "establishmentDate": "2019-03-25T22:28:41.746Z",
    "studio": {
      "name": "TsnhqJDaUs"
    }
  },
  {
    "name": "zAcTkcCr",
    "coordinates": {
      "x": 38,
      "y": 193
    },
    "genre": "POST_ROCK",
    "numberOfParticipants": 5,
    "singlesCount": 40,
    "description": "V8Q7bqB7OrBgKGnYT8pp",
    "bestAlbum": {
      "name": "rAxBMDoVNtbgB q",
      "tracks": 13,
      "length": 113,
      "sales": 766729
    },
    "albumsCount": 4,
    "establishmentDate": "2023-12-03T22:28:41.746Z",
    "studio": {
      "name": "HSPuVMBgtk"
    }
  },
  {
    "name": "bDcqqhOU",
    "coordinates": {
      "x": 67,
      "y": 196
    },
    "genre": "POST_ROCK",
    "numberOfParticipants": 8,
    "singlesCount": 15,
    "description": "oobwbCHcOm hIm9OjdAh",
    "bestAlbum": {
      "name": "Hm DOJblKjbUUAv",
      "tracks": 7,
      "length": 75,
      "sales": 933680
    },
    "albumsCount": 9,
    "establishmentDate": "2020-03-08T22:28:41.746Z",
    "studio": {
      "name": "romOLMItnE"
    }
  },
  {
    "name": "HYxHlvRJ",
    "coordinates": {
      "x": 67,
      "y": 190
    },
    "genre": "SOUL",
    "numberOfParticipants": 7,
    "singlesCount": 46,
    "description": "eFc83DjacNAiviZ6oy8m",
    "bestAlbum": {
      "name": "LHzGnbTYlKkcYEz",
      "tracks": 11,
      "length": 87,
      "sales": 816958
    },
    "albumsCount": 7,
    "establishmentDate": "2022-08-02T22:28:41.746Z",
    "studio": {
      "name": "nCRqvZPoJM"
    }
  },
  {
    "name": "vcaPfheG",
    "coordinates": {
      "x": 166,
      "y": 146
    },
    "genre": "RAP",
    "numberOfParticipants": 3,
    "singlesCount": 32,
    "description": "IaO 0yJU7BqohIU 1GwN",
    "bestAlbum": {
      "name": "QpQCEp RWpMLDvg",
      "tracks": 13,
      "length": 41,
      "sales": 545422
    },
    "albumsCount": 12,
    "establishmentDate": "2018-11-18T22:28:41.746Z",
    "studio": {
      "name": "IWysIwLqmO"
    }
  },
  {
    "name": "TbTcaRsU",
    "coordinates": {
      "x": 117,
      "y": 289
    },
    "genre": "SOUL",
    "numberOfParticipants": 10,
    "singlesCount": 24,
    "description": "PaVxmwftwxQYGyzb6eBt",
    "bestAlbum": {
      "name": "UgRerrHIxqWHmTE",
      "tracks": 7,
      "length": 70,
      "sales": 17768
    },
    "albumsCount": 11,
    "establishmentDate": "2021-06-13T22:28:41.746Z",
    "studio": {
      "name": "BqDNAIVugJ"
    }
  },
  {
    "name": "jhoqqhPd",
    "coordinates": {
      "x": 27,
      "y": 202
    },
    "genre": "RAP",
    "numberOfParticipants": 2,
    "singlesCount": 41,
    "description": "jLc8JASW2vvb7RlWcTHD",
    "bestAlbum": {
      "name": "DQCOuVZrH JNRLy",
      "tracks": 7,
      "length": 81,
      "sales": 422839
    },
    "albumsCount": 11,
    "establishmentDate": "2020-11-11T22:28:41.746Z",
    "studio": {
      "name": "rcJDrfrfyW"
    }
  },
  {
    "name": "wXzVNcNO",
    "coordinates": {
      "x": 21,
      "y": 244
    },
    "genre": "RAP",
    "numberOfParticipants": 1,
    "singlesCount": 21,
    "description": "cvYNComweNQDp9fHD TA",
    "bestAlbum": {
      "name": "aHldbQyeJFPMXxQ",
      "tracks": 8,
      "length": 34,
      "sales": 959618
    },
    "albumsCount": 1,
    "establishmentDate": "2015-01-31T22:28:41.746Z",
    "studio": {
      "name": "pvrFQRIA l"
    }
  },
  {
    "name": "MKYMLNDJ",
    "coordinates": {
      "x": 73,
      "y": 239
    },
    "genre": "RAP",
    "numberOfParticipants": 4,
    "singlesCount": 49,
    "description": "WiSgclNYE8B6siD6eD5R",
    "bestAlbum": {
      "name": "opFqhYvVWvEWAqq",
      "tracks": 17,
      "length": 80,
      "sales": 450973
    },
    "albumsCount": 2,
    "establishmentDate": "2017-03-16T22:28:41.746Z",
    "studio": {
      "name": "hehJRCKpix"
    }
  },
  {
    "name": "sytFRseQ",
    "coordinates": {
      "x": 55,
      "y": 262
    },
    "genre": "POST_ROCK",
    "numberOfParticipants": 2,
    "singlesCount": 20,
    "description": "Xk7Uw4oPabZYLSw2jlO5",
    "bestAlbum": {
      "name": "AQqYDwWUiTBYVUT",
      "tracks": 16,
      "length": 64,
      "sales": 338941
    },
    "albumsCount": 6,
    "establishmentDate": "2023-02-02T22:28:41.746Z",
    "studio": {
      "name": "PT Kkz XBb"
    }
  },
  {
    "name": "JbmTNWPw",
    "coordinates": {
      "x": 185,
      "y": 200
    },
    "genre": "RAP",
    "numberOfParticipants": 3,
    "singlesCount": 41,
    "description": "CEcMKyln YNn6cFmwJwY",
    "bestAlbum": {
      "name": "jeOxn Iyfh YrlV",
      "tracks": 16,
      "length": 85,
      "sales": 586932
    },
    "albumsCount": 15,
    "establishmentDate": "2021-06-28T22:28:41.746Z",
    "studio": {
      "name": "BXx vAtdNs"
    }
  },
  {
    "name": "mRTMCbGP",
    "coordinates": {
      "x": 180,
      "y": 113
    },
    "genre": "RAP",
    "numberOfParticipants": 7,
    "singlesCount": 35,
    "description": "v1cY8XVLkkgp38ZcSZmd",
    "bestAlbum": {
      "name": "SzFzxoQbIWVpiCe",
      "tracks": 6,
      "length": 119,
      "sales": 100935
    },
    "albumsCount": 11,
    "establishmentDate": "2024-05-27T22:28:41.746Z",
    "studio": {
      "name": "jFoJDsUhil"
    }
  },
  {
    "name": "uUUIrhhO",
    "coordinates": {
      "x": 112,
      "y": 241
    },
    "genre": "SOUL",
    "numberOfParticipants": 6,
    "singlesCount": 3,
    "description": "EWDaCmKeqZRaO6fGq4CO",
    "bestAlbum": {
      "name": "fmUalPnkHTbqYhy",
      "tracks": 10,
      "length": 82,
      "sales": 669529
    },
    "albumsCount": 8,
    "establishmentDate": "2017-10-09T22:28:41.746Z",
    "studio": {
      "name": " iGmVECqr "
    }
  },
  {
    "name": "fXeHRlqH",
    "coordinates": {
      "x": 176,
      "y": 218
    },
    "genre": "RAP",
    "numberOfParticipants": 5,
    "singlesCount": 1,
    "description": "iGZGQ21v39PADqhH3uLO",
    "bestAlbum": {
      "name": "ffIIxNGagErAkQf",
      "tracks": 5,
      "length": 77,
      "sales": 265755
    },
    "albumsCount": 5,
    "establishmentDate": "2017-07-18T22:28:41.746Z",
    "studio": {
      "name": " QIeInGXeM"
    }
  },
  {
    "name": "iYRjoGBC",
    "coordinates": {
      "x": 167,
      "y": 169
    },
    "genre": "POST_ROCK",
    "numberOfParticipants": 4,
    "singlesCount": 5,
    "description": "zmDDDMGB ZEsl17g96LT",
    "bestAlbum": {
      "name": "wIKZDwHVrcfTfFG",
      "tracks": 19,
      "length": 83,
      "sales": 146774
    },
    "albumsCount": 10,
    "establishmentDate": "2021-10-25T22:28:41.746Z",
    "studio": {
      "name": "INnjxSXIlj"
    }
  },
  {
    "name": "RGxBBslA",
    "coordinates": {
      "x": 198,
      "y": 154
    },
    "genre": "SOUL",
    "numberOfParticipants": 3,
    "singlesCount": 49,
    "description": "kNTcVp8 jdZY233Vxgpm",
    "bestAlbum": {
      "name": "YQwxkqvrltejSNx",
      "tracks": 5,
      "length": 39,
      "sales": 916109
    },
    "albumsCount": 12,
    "establishmentDate": "2018-07-11T22:28:41.746Z",
    "studio": {
      "name": "YBCxBbI nJ"
    }
  },
  {
    "name": "qfzmiuos",
    "coordinates": {
      "x": 53,
      "y": 256
    },
    "genre": "POST_ROCK",
    "numberOfParticipants": 9,
    "singlesCount": 29,
    "description": "h1I5EwIQhXn58mxcREMj",
    "bestAlbum": {
      "name": "HIKZtrvoGkYCpsN",
      "tracks": 14,
      "length": 116,
      "sales": 946888
    },
    "albumsCount": 8,
    "establishmentDate": "2016-09-15T22:28:41.746Z",
    "studio": {
      "name": "nAsKCtFwsA"
    }
  },
  {
    "name": "zFpJNAHn",
    "coordinates": {
      "x": 28,
      "y": 292
    },
    "genre": "SOUL",
    "numberOfParticipants": 2,
    "singlesCount": 4,
    "description": "wrA9n3mX2LWgZpT3MlVS",
    "bestAlbum": {
      "name": "RNfKwKaHkVgWEbj",
      "tracks": 7,
      "length": 92,
      "sales": 305119
    },
    "albumsCount": 9,
    "establishmentDate": "2020-07-29T22:28:41.746Z",
    "studio": {
      "name": "NtJqEELUsi"
    }
  },
  {
    "name": "RYyXVUhE",
    "coordinates": {
      "x": 5,
      "y": 290
    },
    "genre": "SOUL",
    "numberOfParticipants": 4,
    "singlesCount": 34,
    "description": "tglHxdbQOMVHKQZuF5lR",
    "bestAlbum": {
      "name": "llITRTPKCnKEkjN",
      "tracks": 6,
      "length": 62,
      "sales": 119209
    },
    "albumsCount": 8,
    "establishmentDate": "2016-02-11T22:28:41.746Z",
    "studio": {
      "name": "ygsAojuTHh"
    }
  },
  {
    "name": "turJtHOm",
    "coordinates": {
      "x": 37,
      "y": 100
    },
    "genre": "RAP",
    "numberOfParticipants": 8,
    "singlesCount": 46,
    "description": "JnVPRaweOPxQ55X4UAHZ",
    "bestAlbum": {
      "name": "DGtINoCdDbMjQlH",
      "tracks": 17,
      "length": 80,
      "sales": 732965
    },
    "albumsCount": 13,
    "establishmentDate": "2018-02-05T22:28:41.746Z",
    "studio": {
      "name": "DkeDxkRhEj"
    }
  },
  {
    "name": "ORBlBmkM",
    "coordinates": {
      "x": 122,
      "y": 281
    },
    "genre": "POST_ROCK",
    "numberOfParticipants": 9,
    "singlesCount": 10,
    "description": "YPWyQDxZdWURSoYAGf1 ",
    "bestAlbum": {
      "name": " KqYGqDtfvzuCpH",
      "tracks": 5,
      "length": 103,
      "sales": 571818
    },
    "albumsCount": 13,
    "establishmentDate": "2017-04-29T22:28:41.746Z",
    "studio": {
      "name": "BmKZnejYUt"
    }
  },
  {
    "name": "peWaxTrq",
    "coordinates": {
      "x": 66,
      "y": 287
    },
    "genre": "POST_ROCK",
    "numberOfParticipants": 10,
    "singlesCount": 33,
    "description": "dlrmZgRybbEIMUnCFZHU",
    "bestAlbum": {
      "name": "CgkAgIVrYNnZKsg",
      "tracks": 9,
      "length": 98,
      "sales": 40434
    },
    "albumsCount": 4,
    "establishmentDate": "2020-12-22T22:28:41.746Z",
    "studio": {
      "name": "XgEDHIocEp"
    }
  },
  {
    "name": "qsxaosyv",
    "coordinates": {
      "x": 99,
      "y": 208
    },
    "genre": "POST_ROCK",
    "numberOfParticipants": 4,
    "singlesCount": 8,
    "description": "eoE2UZOy 0KyvgCMUw2O",
    "bestAlbum": {
      "name": "QVCGv BnAVmVZjV",
      "tracks": 9,
      "length": 59,
      "sales": 886505
    },
    "albumsCount": 5,
    "establishmentDate": "2017-03-09T22:28:41.746Z",
    "studio": {
      "name": "sCkrmmbhpG"
    }
  },
  {
    "name": "NjeZlTwx",
    "coordinates": {
      "x": 181,
      "y": 149
    },
    "genre": "POST_ROCK",
    "numberOfParticipants": 7,
    "singlesCount": 13,
    "description": "VwMfw53FTf6h0M6zBrKG",
    "bestAlbum": {
      "name": "mXZsETQIBdBjjwI",
      "tracks": 18,
      "length": 50,
      "sales": 520204
    },
    "albumsCount": 11,
    "establishmentDate": "2020-08-21T22:28:41.746Z",
    "studio": {
      "name": "yIMiS DjUM"
    }
  },
  {
    "name": "YoYATorD",
    "coordinates": {
      "x": 183,
      "y": 172
    },
    "genre": "SOUL",
    "numberOfParticipants": 6,
    "singlesCount": 25,
    "description": "j3XsmCJoy1gBKKfNBbD4",
    "bestAlbum": {
      "name": "hNySAbWxuKlfnjr",
      "tracks": 13,
      "length": 119,
      "sales": 70859
    },
    "albumsCount": 11,
    "establishmentDate": "2021-06-16T22:28:41.746Z",
    "studio": {
      "name": "UvDAjrkJcQ"
    }
  },
  {
    "name": "IiBlqXta",
    "coordinates": {
      "x": 131,
      "y": 214
    },
    "genre": "RAP",
    "numberOfParticipants": 2,
    "singlesCount": 15,
    "description": "wxDkp6GLAn3Bt5rXHjHk",
    "bestAlbum": {
      "name": "FtoCxjeGKutHVUN",
      "tracks": 16,
      "length": 46,
      "sales": 966304
    },
    "albumsCount": 4,
    "establishmentDate": "2019-05-21T22:28:41.746Z",
    "studio": {
      "name": "CRrpmqOrpa"
    }
  },
  {
    "name": "lQvAYLuw",
    "coordinates": {
      "x": 143,
      "y": 210
    },
    "genre": "SOUL",
    "numberOfParticipants": 10,
    "singlesCount": 46,
    "description": "8lJPs28tcLboYBB6RbO8",
    "bestAlbum": {
      "name": "uJhclBnisWELDQL",
      "tracks": 9,
      "length": 50,
      "sales": 725585
    },
    "albumsCount": 5,
    "establishmentDate": "2015-10-22T22:28:41.746Z",
    "studio": {
      "name": "Bco oLLwnO"
    }
  },
  {
    "name": "IGLHtGrd",
    "coordinates": {
      "x": 97,
      "y": 266
    },
    "genre": "POST_ROCK",
    "numberOfParticipants": 6,
    "singlesCount": 49,
    "description": "ZKudyGQTkcCgb2zYsFqn",
    "bestAlbum": {
      "name": "LiQITWtRdvrrpNZ",
      "tracks": 5,
      "length": 113,
      "sales": 400258
    },
    "albumsCount": 7,
    "establishmentDate": "2016-03-31T22:28:41.746Z",
    "studio": {
      "name": "GmPYYMEEHy"
    }
  },
  {
    "name": "SsLYvyjo",
    "coordinates": {
      "x": 174,
      "y": 210
    },
    "genre": "SOUL",
    "numberOfParticipants": 6,
    "singlesCount": 43,
    "description": "7AcHkRgu7g1nRtSSvPJQ",
    "bestAlbum": {
      "name": "ZAeJAhQNODKXFoZ",
      "tracks": 10,
      "length": 81,
      "sales": 390106
    },
    "albumsCount": 5,
    "establishmentDate": "2024-09-21T22:28:41.746Z",
    "studio": {
      "name": "CWNnyYgzOP"
    }
  },
  {
    "name": "RLAwbdEp",
    "coordinates": {
      "x": 176,
      "y": 196
    },
    "genre": "POST_ROCK",
    "numberOfParticipants": 1,
    "singlesCount": 42,
    "description": "kohpnobA9rxs1QORqu0w",
    "bestAlbum": {
      "name": " gbMkLBjikpTbDj",
      "tracks": 10,
      "length": 88,
      "sales": 621054
    },
    "albumsCount": 10,
    "establishmentDate": "2020-11-04T22:28:41.746Z",
    "studio": {
      "name": "TMXT Sqj G"
    }
  },
  {
    "name": "cWfDfElV",
    "coordinates": {
      "x": 123,
      "y": 294
    },
    "genre": "RAP",
    "numberOfParticipants": 5,
    "singlesCount": 11,
    "description": "FcdEVR yoWpL1vujezT4",
    "bestAlbum": {
      "name": "DCzClSPJUaqoioy",
      "tracks": 13,
      "length": 100,
      "sales": 454561
    },
    "albumsCount": 5,
    "establishmentDate": "2018-11-28T22:28:41.746Z",
    "studio": {
      "name": "ooyCqdAKGW"
    }
  },
  {
    "name": "NNVooOpQ",
    "coordinates": {
      "x": 181,
      "y": 215
    },
    "genre": "RAP",
    "numberOfParticipants": 8,
    "singlesCount": 26,
    "description": "vHue3E4uCKZ1NsD57pKa",
    "bestAlbum": {
      "name": "cvJRSINgnksOMfQ",
      "tracks": 12,
      "length": 63,
      "sales": 785509
    },
    "albumsCount": 15,
    "establishmentDate": "2020-08-26T22:28:41.746Z",
    "studio": {
      "name": "HyrucKGLxZ"
    }
  },
  {
    "name": "bgmiOUnn",
    "coordinates": {
      "x": 24,
      "y": 112
    },
    "genre": "RAP",
    "numberOfParticipants": 1,
    "singlesCount": 47,
    "description": "35uk384INgi3MCNlYt2m",
    "bestAlbum": {
      "name": "GeEzzNgNUhjOGWb",
      "tracks": 7,
      "length": 75,
      "sales": 643997
    },
    "albumsCount": 4,
    "establishmentDate": "2019-01-19T22:28:41.746Z",
    "studio": {
      "name": "XtlEheAMXX"
    }
  },
  {
    "name": "zLcCReZz",
    "coordinates": {
      "x": 142,
      "y": 240
    },
    "genre": "RAP",
    "numberOfParticipants": 5,
    "singlesCount": 15,
    "description": "MCiFYLd9HF4yStWNxA4M",
    "bestAlbum": {
      "name": " wiAMwMJrSaUuwF",
      "tracks": 5,
      "length": 119,
      "sales": 928821
    },
    "albumsCount": 10,
    "establishmentDate": "2018-09-12T22:28:41.746Z",
    "studio": {
      "name": "SzuuDxEKYI"
    }
  },
  {
    "name": "qWGGlQIt",
    "coordinates": {
      "x": 70,
      "y": 163
    },
    "genre": "POST_ROCK",
    "numberOfParticipants": 4,
    "singlesCount": 39,
    "description": "Y8HlWgQ5rX3jXd4gkcGG",
    "bestAlbum": {
      "name": "MNnEJhuzyESpK K",
      "tracks": 12,
      "length": 41,
      "sales": 517293
    },
    "albumsCount": 4,
    "establishmentDate": "2015-08-02T22:28:41.746Z",
    "studio": {
      "name": "iTwCInEhiK"
    }
  },
  {
    "name": "fGailSFx",
    "coordinates": {
      "x": 53,
      "y": 121
    },
    "genre": "SOUL",
    "numberOfParticipants": 9,
    "singlesCount": 33,
    "description": "v0Bpncxdyiqh4UGg nDd",
    "bestAlbum": {
      "name": "OYwigqQThOEGXjw",
      "tracks": 12,
      "length": 53,
      "sales": 566732
    },
    "albumsCount": 6,
    "establishmentDate": "2021-12-23T22:28:41.746Z",
    "studio": {
      "name": "GtcsNnaJiT"
    }
  },
  {
    "name": "zswZGJsj",
    "coordinates": {
      "x": 151,
      "y": 247
    },
    "genre": "RAP",
    "numberOfParticipants": 1,
    "singlesCount": 17,
    "description": "0iHkcKY2HeDsnv19KGnK",
    "bestAlbum": {
      "name": "ZncgeBQR aLkUfO",
      "tracks": 13,
      "length": 111,
      "sales": 923381
    },
    "albumsCount": 15,
    "establishmentDate": "2024-06-20T22:28:41.746Z",
    "studio": {
      "name": "HAokbLdWWC"
    }
  },
  {
    "name": "qhzZXELx",
    "coordinates": {
      "x": 126,
      "y": 112
    },
    "genre": "RAP",
    "numberOfParticipants": 2,
    "singlesCount": 38,
    "description": "Xcr6elPKfPeAhWz9IRkK",
    "bestAlbum": {
      "name": "DYlrZKXFHJRyinX",
      "tracks": 11,
      "length": 109,
      "sales": 479433
    },
    "albumsCount": 1,
    "establishmentDate": "2015-02-01T22:28:41.746Z",
    "studio": {
      "name": "MNosIkWEKR"
    }
  },
  {
    "name": "AyfAzHbF",
    "coordinates": {
      "x": 140,
      "y": 204
    },
    "genre": "SOUL",
    "numberOfParticipants": 10,
    "singlesCount": 17,
    "description": "PleK5mzUHoC5Gnj84IuX",
    "bestAlbum": {
      "name": "DTBSHlqdBENPNFr",
      "tracks": 11,
      "length": 101,
      "sales": 833826
    },
    "albumsCount": 12,
    "establishmentDate": "2020-06-29T22:28:41.746Z",
    "studio": {
      "name": "SgFCNxhWTh"
    }
  },
  {
    "name": "wVTPBIyc",
    "coordinates": {
      "x": 148,
      "y": 288
    },
    "genre": "POST_ROCK",
    "numberOfParticipants": 7,
    "singlesCount": 42,
    "description": "0 ZOyTePDsiHdjDyqP2S",
    "bestAlbum": {
      "name": "MowukRgPEapitZe",
      "tracks": 20,
      "length": 71,
      "sales": 740010
    },
    "albumsCount": 9,
    "establishmentDate": "2018-03-17T22:28:41.746Z",
    "studio": {
      "name": "cPIUlhDddM"
    }
  },
  {
    "name": "eAzRQaMj",
    "coordinates": {
      "x": 108,
      "y": 146
    },
    "genre": "POST_ROCK",
    "numberOfParticipants": 8,
    "singlesCount": 4,
    "description": "VLMnFvvE8nxpAd5ayCHC",
    "bestAlbum": {
      "name": " GzIChlQVtLJUqd",
      "tracks": 20,
      "length": 55,
      "sales": 601227
    },
    "albumsCount": 2,
    "establishmentDate": "2016-10-15T22:28:41.746Z",
    "studio": {
      "name": "fYKrtnEVxI"
    }
  },
  {
    "name": "wEAUrjey",
    "coordinates": {
      "x": 145,
      "y": 224
    },
    "genre": "POST_ROCK",
    "numberOfParticipants": 7,
    "singlesCount": 40,
    "description": "vlb9bDBBcDA2Qn2DBgDL",
    "bestAlbum": {
      "name": "poTzxsKJJiPoZgA",
      "tracks": 14,
      "length": 65,
      "sales": 553971
    },
    "albumsCount": 14,
    "establishmentDate": "2015-03-13T22:28:41.746Z",
    "studio": {
      "name": "XarkxopeFH"
    }
  },
  {
    "name": "dKgvuvVW",
    "coordinates": {
      "x": 92,
      "y": 264
    },
    "genre": "POST_ROCK",
    "numberOfParticipants": 9,
    "singlesCount": 15,
    "description": "QwkK53865rDHfQWaQTej",
    "bestAlbum": {
      "name": "nwiTZvWvzoDUhWy",
      "tracks": 10,
      "length": 65,
      "sales": 176086
    },
    "albumsCount": 5,
    "establishmentDate": "2019-10-24T22:28:41.746Z",
    "studio": {
      "name": "TsKpxPx Rr"
    }
  },
  {
    "name": "XIONpAWJ",
    "coordinates": {
      "x": 134,
      "y": 247
    },
    "genre": "SOUL",
    "numberOfParticipants": 8,
    "singlesCount": 37,
    "description": "RTeNEOK23Pxjih1Q4lWf",
    "bestAlbum": {
      "name": "HGivLkxnJbXyDKS",
      "tracks": 9,
      "length": 45,
      "sales": 297079
    },
    "albumsCount": 9,
    "establishmentDate": "2020-09-11T22:28:41.746Z",
    "studio": {
      "name": "LpTxUEzTwd"
    }
  },
  {
    "name": "txxERhHU",
    "coordinates": {
      "x": 124,
      "y": 244
    },
    "genre": "RAP",
    "numberOfParticipants": 7,
    "singlesCount": 11,
    "description": "NCausegFSOoXMoVcwbwc",
    "bestAlbum": {
      "name": "LYxGFGfvaVpzqOQ",
      "tracks": 9,
      "length": 47,
      "sales": 677543
    },
    "albumsCount": 3,
    "establishmentDate": "2022-12-15T22:28:41.746Z",
    "studio": {
      "name": "uwAbNmYjPa"
    }
  },
  {
    "name": "JEvuXvfE",
    "coordinates": {
      "x": 49,
      "y": 180
    },
    "genre": "SOUL",
    "numberOfParticipants": 1,
    "singlesCount": 4,
    "description": "LjDKUDOyMwu3DZV7w8xi",
    "bestAlbum": {
      "name": "YmRnCnF QvyWCeF",
      "tracks": 16,
      "length": 40,
      "sales": 787005
    },
    "albumsCount": 12,
    "establishmentDate": "2015-06-12T22:28:41.746Z",
    "studio": {
      "name": "biZcAjFcia"
    }
  },
  {
    "name": "UdLLjyFV",
    "coordinates": {
      "x": 89,
      "y": 157
    },
    "genre": "SOUL",
    "numberOfParticipants": 8,
    "singlesCount": 39,
    "description": "IyNCvSSOPrSFzNFhRuub",
    "bestAlbum": {
      "name": "AMNCtUxJTNFudDI",
      "tracks": 20,
      "length": 77,
      "sales": 6574
    },
    "albumsCount": 2,
    "establishmentDate": "2019-11-20T22:28:41.747Z",
    "studio": {
      "name": "tCzLwzNiOD"
    }
  },
  {
    "name": "KDPIiZcn",
    "coordinates": {
      "x": 146,
      "y": 116
    },
    "genre": "SOUL",
    "numberOfParticipants": 8,
    "singlesCount": 6,
    "description": "9a4GG4ZKjbFRz2IoA7B3",
    "bestAlbum": {
      "name": "ZZXkpTKjIhdBVIH",
      "tracks": 14,
      "length": 78,
      "sales": 958399
    },
    "albumsCount": 1,
    "establishmentDate": "2018-06-19T22:28:41.747Z",
    "studio": {
      "name": "kiTqOyrPUe"
    }
  },
  {
    "name": "OfBepnXI",
    "coordinates": {
      "x": 25,
      "y": 126
    },
    "genre": "RAP",
    "numberOfParticipants": 10,
    "singlesCount": 38,
    "description": "UUTVFKeREnOe5LzdOeDf",
    "bestAlbum": {
      "name": "iAeGpNcrAYMFRlC",
      "tracks": 13,
      "length": 68,
      "sales": 117353
    },
    "albumsCount": 10,
    "establishmentDate": "2020-09-12T22:28:41.747Z",
    "studio": {
      "name": "DXyZiLxaQW"
    }
  },
  {
    "name": "zbWcDNVj",
    "coordinates": {
      "x": 113,
      "y": 158
    },
    "genre": "RAP",
    "numberOfParticipants": 4,
    "singlesCount": 35,
    "description": "RMxRI3rumTXLfh6yigQt",
    "bestAlbum": {
      "name": "zVBBEKdLQKUAvbZ",
      "tracks": 12,
      "length": 103,
      "sales": 917076
    },
    "albumsCount": 14,
    "establishmentDate": "2021-03-26T22:28:41.747Z",
    "studio": {
      "name": "dWbGgbnsSW"
    }
  },
  {
    "name": "OMPbdMUK",
    "coordinates": {
      "x": 82,
      "y": 257
    },
    "genre": "SOUL",
    "numberOfParticipants": 10,
    "singlesCount": 1,
    "description": "5lDEgBLN6CUFnrICsMNu",
    "bestAlbum": {
      "name": "kBQOXPTnkBShTUv",
      "tracks": 16,
      "length": 69,
      "sales": 576475
    },
    "albumsCount": 14,
    "establishmentDate": "2016-08-03T22:28:41.747Z",
    "studio": {
      "name": "iWyjozfOvW"
    }
  },
  {
    "name": "SmauwVyn",
    "coordinates": {
      "x": 77,
      "y": 171
    },
    "genre": "POST_ROCK",
    "numberOfParticipants": 10,
    "singlesCount": 31,
    "description": "M3ki Tyr3w0SDAwE7rW3",
    "bestAlbum": {
      "name": "TXthwScYLnyTiKr",
      "tracks": 20,
      "length": 45,
      "sales": 767000
    },
    "albumsCount": 13,
    "establishmentDate": "2020-03-30T22:28:41.747Z",
    "studio": {
      "name": "FujFOhGRZl"
    }
  },
  {
    "name": "xDWQuxVC",
    "coordinates": {
      "x": 63,
      "y": 222
    },
    "genre": "POST_ROCK",
    "numberOfParticipants": 9,
    "singlesCount": 5,
    "description": "IfwmmOJvfPVSJYu4ANPL",
    "bestAlbum": {
      "name": "ngkdoSzQJfnRiNu",
      "tracks": 19,
      "length": 100,
      "sales": 645105
    },
    "albumsCount": 2,
    "establishmentDate": "2024-07-14T22:28:41.747Z",
    "studio": {
      "name": "deHLVelf Q"
    }
  },
  {
    "name": "vnZsSACe",
    "coordinates": {
      "x": 95,
      "y": 215
    },
    "genre": "SOUL",
    "numberOfParticipants": 7,
    "singlesCount": 3,
    "description": "pRIkzlYRb1TS2UqKiA q",
    "bestAlbum": {
      "name": "ujsyTpfGR BmLoY",
      "tracks": 5,
      "length": 47,
      "sales": 171134
    },
    "albumsCount": 4,
    "establishmentDate": "2018-02-05T22:28:41.747Z",
    "studio": {
      "name": "OpTrmCzjro"
    }
  },
  {
    "name": "jALxiEpa",
    "coordinates": {
      "x": 25,
      "y": 210
    },
    "genre": "POST_ROCK",
    "numberOfParticipants": 4,
    "singlesCount": 14,
    "description": "Dg4JqlOHRiHBkt0Yv8yr",
    "bestAlbum": {
      "name": "jPpjumZZOdfe IV",
      "tracks": 14,
      "length": 97,
      "sales": 823532
    },
    "albumsCount": 4,
    "establishmentDate": "2019-11-06T22:28:41.747Z",
    "studio": {
      "name": "PCHEmcEpgj"
    }
  },
  {
    "name": "ZBXzCqww",
    "coordinates": {
      "x": 125,
      "y": 248
    },
    "genre": "POST_ROCK",
    "numberOfParticipants": 5,
    "singlesCount": 24,
    "description": "zbxlx4r QrrpTi9TLedV",
    "bestAlbum": {
      "name": "ZLyOfLgXrXzEFjP",
      "tracks": 6,
      "length": 86,
      "sales": 20358
    },
    "albumsCount": 9,
    "establishmentDate": "2020-10-30T22:28:41.747Z",
    "studio": {
      "name": "ebWseRqDeE"
    }
  },
  {
    "name": "OZpNIrHS",
    "coordinates": {
      "x": 150,
      "y": 236
    },
    "genre": "RAP",
    "numberOfParticipants": 3,
    "singlesCount": 50,
    "description": "blE61t7izfZGkcczIeRy",
    "bestAlbum": {
      "name": "obLRfSzHhAxfbRu",
      "tracks": 19,
      "length": 94,
      "sales": 79803
    },
    "albumsCount": 1,
    "establishmentDate": "2020-05-23T22:28:41.747Z",
    "studio": {
      "name": "GDDQQNdGkT"
    }
  },
  {
    "name": "vzTSyFjW",
    "coordinates": {
      "x": 152,
      "y": 263
    },
    "genre": "SOUL",
    "numberOfParticipants": 4,
    "singlesCount": 28,
    "description": "PoHQZzlV11s8w9HFEjsQ",
    "bestAlbum": {
      "name": "QWElzNWUXZySG o",
      "tracks": 17,
      "length": 78,
      "sales": 278766
    },
    "albumsCount": 3,
    "establishmentDate": "2020-11-05T22:28:41.747Z",
    "studio": {
      "name": "JpKOnYzTQt"
    }
  },
  {
    "name": "thHgPILh",
    "coordinates": {
      "x": 197,
      "y": 250
    },
    "genre": "RAP",
    "numberOfParticipants": 7,
    "singlesCount": 37,
    "description": "y DkeE9zMeJfSrUhZnra",
    "bestAlbum": {
      "name": "YYbCnwUCtzKOORV",
      "tracks": 7,
      "length": 72,
      "sales": 99767
    },
    "albumsCount": 5,
    "establishmentDate": "2018-12-10T22:28:41.747Z",
    "studio": {
      "name": "GY EcftXkK"
    }
  },
  {
    "name": "IlxUjANJ",
    "coordinates": {
      "x": 85,
      "y": 281
    },
    "genre": "POST_ROCK",
    "numberOfParticipants": 10,
    "singlesCount": 4,
    "description": "vkq5erje badIvORZnc4",
    "bestAlbum": {
      "name": "zqHqqKgYLCPxaFQ",
      "tracks": 6,
      "length": 103,
      "sales": 940818
    },
    "albumsCount": 3,
    "establishmentDate": "2016-07-11T22:28:41.747Z",
    "studio": {
      "name": "XeKIBfQbFg"
    }
  },
  {
    "name": "HkTDcYBG",
    "coordinates": {
      "x": 110,
      "y": 190
    },
    "genre": "SOUL",
    "numberOfParticipants": 5,
    "singlesCount": 46,
    "description": "WvI5JFOWyjPHI1y2w c7",
    "bestAlbum": {
      "name": "czFGQrGCPEFPuXC",
      "tracks": 14,
      "length": 54,
      "sales": 294068
    },
    "albumsCount": 2,
    "establishmentDate": "2021-06-26T22:28:41.747Z",
    "studio": {
      "name": "RRbeBbccII"
    }
  },
  {
    "name": "BzoGjxyf",
    "coordinates": {
      "x": 30,
      "y": 276
    },
    "genre": "RAP",
    "numberOfParticipants": 5,
    "singlesCount": 25,
    "description": "nRm81qizcQoz1uSJ5Dxy",
    "bestAlbum": {
      "name": "ITgXvwedkltaZOF",
      "tracks": 10,
      "length": 43,
      "sales": 529734
    },
    "albumsCount": 15,
    "establishmentDate": "2023-02-03T22:28:41.747Z",
    "studio": {
      "name": "jHhUpmxUDa"
    }
  },
  {
    "name": "NltWtFiv",
    "coordinates": {
      "x": 39,
      "y": 108
    },
    "genre": "RAP",
    "numberOfParticipants": 6,
    "singlesCount": 14,
    "description": "L1SNXCnR9IhqAkNI8AIz",
    "bestAlbum": {
      "name": "IyBSiNyWgiGY XM",
      "tracks": 20,
      "length": 90,
      "sales": 798662
    },
    "albumsCount": 9,
    "establishmentDate": "2016-11-18T22:28:41.747Z",
    "studio": {
      "name": "FliDrsnuAI"
    }
  },
  {
    "name": "QqZHfObl",
    "coordinates": {
      "x": 127,
      "y": 157
    },
    "genre": "RAP",
    "numberOfParticipants": 1,
    "singlesCount": 7,
    "description": "yJ95f9mXk5SqbFzt3CqH",
    "bestAlbum": {
      "name": "PfcObEGVyNLwzFz",
      "tracks": 13,
      "length": 38,
      "sales": 264082
    },
    "albumsCount": 2,
    "establishmentDate": "2017-02-24T22:28:41.747Z",
    "studio": {
      "name": "ueXVsSLRTS"
    }
  },
  {
    "name": "Gfjjfdma",
    "coordinates": {
      "x": 9,
      "y": 173
    },
    "genre": "SOUL",
    "numberOfParticipants": 8,
    "singlesCount": 50,
    "description": "MWJ4EtLAo0 dwLPOWJy6",
    "bestAlbum": {
      "name": "qtTIwHGPfybYLXp",
      "tracks": 15,
      "length": 43,
      "sales": 260885
    },
    "albumsCount": 13,
    "establishmentDate": "2024-06-24T22:28:41.747Z",
    "studio": {
      "name": "zXPGjsfozW"
    }
  },
  {
    "name": "ChiuFOWl",
    "coordinates": {
      "x": 105,
      "y": 293
    },
    "genre": "SOUL",
    "numberOfParticipants": 9,
    "singlesCount": 24,
    "description": "95PWxc0gxw1LoGgOWZrN",
    "bestAlbum": {
      "name": "uUMpvUyYVBjLoQi",
      "tracks": 15,
      "length": 106,
      "sales": 806384
    },
    "albumsCount": 6,
    "establishmentDate": "2015-05-03T22:28:41.747Z",
    "studio": {
      "name": "xkJcjLZerZ"
    }
  },
  {
    "name": "BPSkgHxF",
    "coordinates": {
      "x": 120,
      "y": 217
    },
    "genre": "RAP",
    "numberOfParticipants": 2,
    "singlesCount": 36,
    "description": "4iRbItiuy99gfjndlNt9",
    "bestAlbum": {
      "name": "hEdHBeZPlCAMVet",
      "tracks": 8,
      "length": 69,
      "sales": 190428
    },
    "albumsCount": 7,
    "establishmentDate": "2016-06-27T22:28:41.747Z",
    "studio": {
      "name": "ZfkvtOkOZi"
    }
  },
  {
    "name": "UhYLDABO",
    "coordinates": {
      "x": 45,
      "y": 175
    },
    "genre": "POST_ROCK",
    "numberOfParticipants": 5,
    "singlesCount": 23,
    "description": "b9Aiu4FjBqimKMh9X1eH",
    "bestAlbum": {
      "name": "gAXqefZQsJ pAjr",
      "tracks": 12,
      "length": 81,
      "sales": 108738
    },
    "albumsCount": 3,
    "establishmentDate": "2016-04-09T22:28:41.747Z",
    "studio": {
      "name": "sCTvLbPrRY"
    }
  },
  {
    "name": "nuFLhleN",
    "coordinates": {
      "x": 102,
      "y": 127
    },
    "genre": "SOUL",
    "numberOfParticipants": 2,
    "singlesCount": 36,
    "description": "w nFUdw5a1U4wvJWk2UA",
    "bestAlbum": {
      "name": "hECVbEEghVdKpOD",
      "tracks": 13,
      "length": 109,
      "sales": 676387
    },
    "albumsCount": 12,
    "establishmentDate": "2022-10-23T22:28:41.747Z",
    "studio": {
      "name": "VAUsNuWLwI"
    }
  },
  {
    "name": "CcuoMBpk",
    "coordinates": {
      "x": 160,
      "y": 296
    },
    "genre": "SOUL",
    "numberOfParticipants": 5,
    "singlesCount": 2,
    "description": "4WV5bwIFzZbEeWsYsrfr",
    "bestAlbum": {
      "name": "Z xiYkzoMqqUtoC",
      "tracks": 18,
      "length": 109,
      "sales": 192775
    },
    "albumsCount": 12,
    "establishmentDate": "2017-08-08T22:28:41.747Z",
    "studio": {
      "name": "IFMcATfVnP"
    }
  },
  {
    "name": "XlBIAnbp",
    "coordinates": {
      "x": 52,
      "y": 121
    },
    "genre": "SOUL",
    "numberOfParticipants": 2,
    "singlesCount": 26,
    "description": "kHQ6TMyuz68Boo8Jg44a",
    "bestAlbum": {
      "name": "xACJCsZRELbkNSY",
      "tracks": 17,
      "length": 117,
      "sales": 406540
    },
    "albumsCount": 11,
    "establishmentDate": "2020-02-17T22:28:41.747Z",
    "studio": {
      "name": "npJVzOOicL"
    }
  },
  {
    "name": "oFcQGbVQ",
    "coordinates": {
      "x": 163,
      "y": 253
    },
    "genre": "POST_ROCK",
    "numberOfParticipants": 10,
    "singlesCount": 17,
    "description": " EJurMIhRhj9gkIPMkeE",
    "bestAlbum": {
      "name": "sixhKmeqYvcEEVm",
      "tracks": 8,
      "length": 83,
      "sales": 714643
    },
    "albumsCount": 1,
    "establishmentDate": "2021-06-06T22:28:41.747Z",
    "studio": {
      "name": "BSgURNNIuY"
    }
  },
  {
    "name": "FjOVDaBA",
    "coordinates": {
      "x": 77,
      "y": 263
    },
    "genre": "RAP",
    "numberOfParticipants": 10,
    "singlesCount": 7,
    "description": "mXD rY4Wf2mdeb2ZM9Gh",
    "bestAlbum": {
      "name": "SSRNtohNOMaeRhH",
      "tracks": 10,
      "length": 94,
      "sales": 811095
    },
    "albumsCount": 13,
    "establishmentDate": "2021-04-25T22:28:41.747Z",
    "studio": {
      "name": "gjvKGkUUiW"
    }
  },
  {
    "name": "mFheFIlU",
    "coordinates": {
      "x": 79,
      "y": 110
    },
    "genre": "RAP",
    "numberOfParticipants": 4,
    "singlesCount": 42,
    "description": "QOHndNiQmb0G46xHUIpv",
    "bestAlbum": {
      "name": "IsCIdPZhMcllPBM",
      "tracks": 15,
      "length": 83,
      "sales": 391956
    },
    "albumsCount": 15,
    "establishmentDate": "2018-08-08T22:28:41.747Z",
    "studio": {
      "name": "GwSLuDJiaK"
    }
  },
  {
    "name": "pGhUPyNn",
    "coordinates": {
      "x": 55,
      "y": 255
    },
    "genre": "SOUL",
    "numberOfParticipants": 5,
    "singlesCount": 20,
    "description": "utTxwgRRHjpwcY2sFK9Q",
    "bestAlbum": {
      "name": "cBoiNeOCaLz euH",
      "tracks": 17,
      "length": 38,
      "sales": 589356
    },
    "albumsCount": 6,
    "establishmentDate": "2016-07-23T22:28:41.747Z",
    "studio": {
      "name": "cvYxChKakB"
    }
  },
  {
    "name": "TNZmWLIY",
    "coordinates": {
      "x": 149,
      "y": 127
    },
    "genre": "RAP",
    "numberOfParticipants": 10,
    "singlesCount": 5,
    "description": "JGgLrukqSOgq7V6Vkvv1",
    "bestAlbum": {
      "name": "oYjcucURTgZLvuh",
      "tracks": 11,
      "length": 58,
      "sales": 163257
    },
    "albumsCount": 4,
    "establishmentDate": "2024-03-28T22:28:41.747Z",
    "studio": {
      "name": "VPWUtVfSgL"
    }
  },
  {
    "name": "UxaEJDiU",
    "coordinates": {
      "x": 150,
      "y": 268
    },
    "genre": "POST_ROCK",
    "numberOfParticipants": 5,
    "singlesCount": 31,
    "description": "An7G34h7arodAjYPY627",
    "bestAlbum": {
      "name": "FTtDKsBnJQbVInp",
      "tracks": 17,
      "length": 109,
      "sales": 549473
    },
    "albumsCount": 8,
    "establishmentDate": "2022-02-05T22:28:41.747Z",
    "studio": {
      "name": " SzLvELsNF"
    }
  },
  {
    "name": "KypNYDHt",
    "coordinates": {
      "x": 33,
      "y": 188
    },
    "genre": "SOUL",
    "numberOfParticipants": 6,
    "singlesCount": 15,
    "description": "BdpxMOrdpDdAT7wuXUya",
    "bestAlbum": {
      "name": "IZspyEcHFnPKNUT",
      "tracks": 14,
      "length": 80,
      "sales": 805997
    },
    "albumsCount": 15,
    "establishmentDate": "2023-10-31T22:28:41.747Z",
    "studio": {
      "name": "rdWhxBWlVH"
    }
  },
  {
    "name": "IfNrKKYJ",
    "coordinates": {
      "x": 113,
      "y": 300
    },
    "genre": "SOUL",
    "numberOfParticipants": 7,
    "singlesCount": 24,
    "description": "LrmP2Ztl6poc4MCVh2Vp",
    "bestAlbum": {
      "name": "KcZldg rFILWwmz",
      "tracks": 19,
      "length": 100,
      "sales": 479238
    },
    "albumsCount": 7,
    "establishmentDate": "2022-07-05T22:28:41.747Z",
    "studio": {
      "name": "fwimLVijxw"
    }
  },
  {
    "name": "DLiIZmyM",
    "coordinates": {
      "x": 188,
      "y": 231
    },
    "genre": "SOUL",
    "numberOfParticipants": 8,
    "singlesCount": 13,
    "description": "gXyGN925H 4 reEsDAcd",
    "bestAlbum": {
      "name": "zvApaReIhiEBoqJ",
      "tracks": 15,
      "length": 97,
      "sales": 961606
    },
    "albumsCount": 3,
    "establishmentDate": "2024-03-15T22:28:41.747Z",
    "studio": {
      "name": "f vnEIQgnW"
    }
  },
  {
    "name": "NYwXUXZn",
    "coordinates": {
      "x": 19,
      "y": 225
    },
    "genre": "POST_ROCK",
    "numberOfParticipants": 8,
    "singlesCount": 38,
    "description": "9rmnfCFbijKbyy5vgyBF",
    "bestAlbum": {
      "name": "UCdPemQmsfloNry",
      "tracks": 11,
      "length": 95,
      "sales": 293486
    },
    "albumsCount": 11,
    "establishmentDate": "2017-12-26T22:28:41.747Z",
    "studio": {
      "name": "Kihgvukjbt"
    }
  },
  {
    "name": "ruRSHsHl",
    "coordinates": {
      "x": 184,
      "y": 295
    },
    "genre": "POST_ROCK",
    "numberOfParticipants": 6,
    "singlesCount": 46,
    "description": "7GuXdbARgcUIaEH2k1Od",
    "bestAlbum": {
      "name": "ABfVeJhztVjEEMq",
      "tracks": 8,
      "length": 46,
      "sales": 245211
    },
    "albumsCount": 10,
    "establishmentDate": "2015-09-09T22:28:41.747Z",
    "studio": {
      "name": "mXWdYHuJKQ"
    }
  },
  {
    "name": "oZfXFynn",
    "coordinates": {
      "x": 86,
      "y": 248
    },
    "genre": "RAP",
    "numberOfParticipants": 7,
    "singlesCount": 24,
    "description": "0xuXPdkpvURuBkdwEKUf",
    "bestAlbum": {
      "name": "jvIzwgNyhedjbmh",
      "tracks": 12,
      "length": 31,
      "sales": 433955
    },
    "albumsCount": 1,
    "establishmentDate": "2017-05-31T22:28:41.747Z",
    "studio": {
      "name": "di moFUaRo"
    }
  },
  {
    "name": "MwlUgptr",
    "coordinates": {
      "x": 49,
      "y": 185
    },
    "genre": "SOUL",
    "numberOfParticipants": 1,
    "singlesCount": 14,
    "description": "cgAnKA9Uza5FgSYjocX9",
    "bestAlbum": {
      "name": "WKFCWUlrZmdAcCL",
      "tracks": 6,
      "length": 78,
      "sales": 555189
    },
    "albumsCount": 1,
    "establishmentDate": "2016-02-29T22:28:41.747Z",
    "studio": {
      "name": "qvzoGOUdmw"
    }
  },
  {
    "name": "BOgCApXy",
    "coordinates": {
      "x": 104,
      "y": 239
    },
    "genre": "RAP",
    "numberOfParticipants": 9,
    "singlesCount": 29,
    "description": "VRSgQEYg2WSLwiIBUQL4",
    "bestAlbum": {
      "name": "VrMoZlKfpGyLShj",
      "tracks": 13,
      "length": 91,
      "sales": 173113
    },
    "albumsCount": 3,
    "establishmentDate": "2024-03-24T22:28:41.747Z",
    "studio": {
      "name": "UBcBgtIzlz"
    }
  },
  {
    "name": "MwwVNzNk",
    "coordinates": {
      "x": 110,
      "y": 187
    },
    "genre": "RAP",
    "numberOfParticipants": 9,
    "singlesCount": 28,
    "description": "k2EghqFXWN3G1Ngow5S5",
    "bestAlbum": {
      "name": "GfYGVsHKFBpDnul",
      "tracks": 14,
      "length": 113,
      "sales": 168532
    },
    "albumsCount": 13,
    "establishmentDate": "2021-06-12T22:28:41.747Z",
    "studio": {
      "name": "JpIztOJerp"
    }
  },
  {
    "name": "RaWQaRMh",
    "coordinates": {
      "x": 68,
      "y": 258
    },
    "genre": "RAP",
    "numberOfParticipants": 6,
    "singlesCount": 50,
    "description": "HlK78sajE200QWjoppH6",
    "bestAlbum": {
      "name": "PHlenqjpStYYbOl",
      "tracks": 20,
      "length": 50,
      "sales": 539306
    },
    "albumsCount": 11,
    "establishmentDate": "2019-02-22T22:28:41.747Z",
    "studio": {
      "name": "LR wfbWHUp"
    }
  },
  {
    "name": "OEvUeWKS",
    "coordinates": {
      "x": 158,
      "y": 142
    },
    "genre": "SOUL",
    "numberOfParticipants": 8,
    "singlesCount": 15,
    "description": "7WymXTGbrbb48M0EvvBe",
    "bestAlbum": {
      "name": "KsFnQgXqwQmguIL",
      "tracks": 5,
      "length": 54,
      "sales": 994358
    },
    "albumsCount": 11,
    "establishmentDate": "2015-02-20T22:28:41.747Z",
    "studio": {
      "name": "gwCyzZRSj "
    }
  },
  {
    "name": "wqWYRYYy",
    "coordinates": {
      "x": 100,
      "y": 281
    },
    "genre": "RAP",
    "numberOfParticipants": 8,
    "singlesCount": 17,
    "description": "0VgoB2s9ZXzjSEbe97mH",
    "bestAlbum": {
      "name": "nknsyMzAuugaTiw",
      "tracks": 8,
      "length": 110,
      "sales": 270667
    },
    "albumsCount": 6,
    "establishmentDate": "2018-05-28T22:28:41.747Z",
    "studio": {
      "name": "DdtQkshdRP"
    }
  },
  {
    "name": "tmfXUFNW",
    "coordinates": {
      "x": 91,
      "y": 294
    },
    "genre": "POST_ROCK",
    "numberOfParticipants": 6,
    "singlesCount": 23,
    "description": "iyyvWuMAz9hXmYaeHiVx",
    "bestAlbum": {
      "name": "FWcPFSYlxEmwoIh",
      "tracks": 15,
      "length": 92,
      "sales": 837295
    },
    "albumsCount": 9,
    "establishmentDate": "2021-12-17T22:28:41.747Z",
    "studio": {
      "name": " YNnVAtCRN"
    }
  },
  {
    "name": "HUTolNeH",
    "coordinates": {
      "x": 70,
      "y": 102
    },
    "genre": "RAP",
    "numberOfParticipants": 10,
    "singlesCount": 38,
    "description": " zRydJTsIn7R23lOchK ",
    "bestAlbum": {
      "name": "eMXpymyQDcFBQZD",
      "tracks": 20,
      "length": 47,
      "sales": 279750
    },
    "albumsCount": 8,
    "establishmentDate": "2018-07-07T22:28:41.747Z",
    "studio": {
      "name": "ofOkKEDfVW"
    }
  },
  {
    "name": "ivKfAqob",
    "coordinates": {
      "x": 132,
      "y": 110
    },
    "genre": "SOUL",
    "numberOfParticipants": 2,
    "singlesCount": 38,
    "description": "XNKrr8VGs8Buu7RCYEBD",
    "bestAlbum": {
      "name": "V HzAMeqrkgyYyt",
      "tracks": 9,
      "length": 30,
      "sales": 595352
    },
    "albumsCount": 4,
    "establishmentDate": "2024-04-18T22:28:41.747Z",
    "studio": {
      "name": "JCeSOzwCCO"
    }
  },
  {
    "name": "hTGMfaLn",
    "coordinates": {
      "x": 31,
      "y": 218
    },
    "genre": "SOUL",
    "numberOfParticipants": 7,
    "singlesCount": 6,
    "description": "yxLcU41YFB4xiibXAZ1Q",
    "bestAlbum": {
      "name": "TXwffoLMmjRK aN",
      "tracks": 13,
      "length": 48,
      "sales": 704247
    },
    "albumsCount": 1,
    "establishmentDate": "2017-07-29T22:28:41.747Z",
    "studio": {
      "name": "aWfjVZSpLj"
    }
  },
  {
    "name": "BVWESEaW",
    "coordinates": {
      "x": 132,
      "y": 267
    },
    "genre": "RAP",
    "numberOfParticipants": 5,
    "singlesCount": 8,
    "description": "A9p1Vscyug7Vc3mmVdrZ",
    "bestAlbum": {
      "name": "lTQwzrRPaYapVHo",
      "tracks": 6,
      "length": 96,
      "sales": 376272
    },
    "albumsCount": 15,
    "establishmentDate": "2019-03-07T22:28:41.748Z",
    "studio": {
      "name": "VIWrjtXcxP"
    }
  },
  {
    "name": "cjmAsTCD",
    "coordinates": {
      "x": 164,
      "y": 234
    },
    "genre": "POST_ROCK",
    "numberOfParticipants": 9,
    "singlesCount": 15,
    "description": "Xtgi4GOrn1bNr6tZt5JO",
    "bestAlbum": {
      "name": "BhokgjEkJLpJLou",
      "tracks": 11,
      "length": 97,
      "sales": 340246
    },
    "albumsCount": 10,
    "establishmentDate": "2015-12-09T22:28:41.748Z",
    "studio": {
      "name": "BYpgaQbTVj"
    }
  },
  {
    "name": "gjSvtcfQ",
    "coordinates": {
      "x": 20,
      "y": 143
    },
    "genre": "RAP",
    "numberOfParticipants": 5,
    "singlesCount": 38,
    "description": "VHQu0Csa4bwWFXUgjn98",
    "bestAlbum": {
      "name": "XClTVxRZjlbzhsg",
      "tracks": 13,
      "length": 38,
      "sales": 998559
    },
    "albumsCount": 10,
    "establishmentDate": "2022-08-21T22:28:41.748Z",
    "studio": {
      "name": "rXRPqCePBG"
    }
  },
  {
    "name": "uiWZByCw",
    "coordinates": {
      "x": 104,
      "y": 194
    },
    "genre": "POST_ROCK",
    "numberOfParticipants": 3,
    "singlesCount": 46,
    "description": "4A4Ey3taeszAa66hVBOM",
    "bestAlbum": {
      "name": "JSvuNkjPhHprMv ",
      "tracks": 16,
      "length": 96,
      "sales": 838884
    },
    "albumsCount": 7,
    "establishmentDate": "2015-10-13T22:28:41.748Z",
    "studio": {
      "name": "KhyEgHbZnb"
    }
  },
  {
    "name": "WiRADoWn",
    "coordinates": {
      "x": 152,
      "y": 259
    },
    "genre": "SOUL",
    "numberOfParticipants": 8,
    "singlesCount": 32,
    "description": "6iJmnq6NMMwCgGNETMls",
    "bestAlbum": {
      "name": "KWFlZFKaEUjPqcS",
      "tracks": 6,
      "length": 117,
      "sales": 584683
    },
    "albumsCount": 15,
    "establishmentDate": "2021-11-17T22:28:41.748Z",
    "studio": {
      "name": "thtwHbGbaa"
    }
  },
  {
    "name": "BvrWLhjP",
    "coordinates": {
      "x": 197,
      "y": 265
    },
    "genre": "POST_ROCK",
    "numberOfParticipants": 4,
    "singlesCount": 42,
    "description": "k8q0tKKvT1qtWIzEMbdG",
    "bestAlbum": {
      "name": "GoMtypAhftYKHwF",
      "tracks": 5,
      "length": 97,
      "sales": 581492
    },
    "albumsCount": 3,
    "establishmentDate": "2015-11-16T22:28:41.748Z",
    "studio": {
      "name": "UngNtCmRSs"
    }
  },
  {
    "name": "tWrrYINU",
    "coordinates": {
      "x": 97,
      "y": 270
    },
    "genre": "POST_ROCK",
    "numberOfParticipants": 10,
    "singlesCount": 6,
    "description": "CMIyo7ybvyobaeu00NWY",
    "bestAlbum": {
      "name": "h WKPPPnluCdgNB",
      "tracks": 19,
      "length": 87,
      "sales": 392716
    },
    "albumsCount": 8,
    "establishmentDate": "2017-10-07T22:28:41.748Z",
    "studio": {
      "name": "YFmzwftfKV"
    }
  },
  {
    "name": "RytvIvkb",
    "coordinates": {
      "x": 105,
      "y": 211
    },
    "genre": "RAP",
    "numberOfParticipants": 9,
    "singlesCount": 30,
    "description": "ukA8vPm1EoLLEqADCKdk",
    "bestAlbum": {
      "name": "cwgQQW fRoKzpvY",
      "tracks": 7,
      "length": 75,
      "sales": 43799
    },
    "albumsCount": 5,
    "establishmentDate": "2016-07-29T22:28:41.748Z",
    "studio": {
      "name": "PtQggMyhyo"
    }
  },
  {
    "name": "aZJkRTiT",
    "coordinates": {
      "x": 46,
      "y": 217
    },
    "genre": "SOUL",
    "numberOfParticipants": 3,
    "singlesCount": 5,
    "description": "7d80UHduKQbellCRwQhF",
    "bestAlbum": {
      "name": "NROnBk AsrOQxsH",
      "tracks": 13,
      "length": 41,
      "sales": 707301
    },
    "albumsCount": 10,
    "establishmentDate": "2022-02-17T22:28:41.748Z",
    "studio": {
      "name": "ugatUdDvBR"
    }
  },
  {
    "name": "kaKojbOL",
    "coordinates": {
      "x": 130,
      "y": 298
    },
    "genre": "POST_ROCK",
    "numberOfParticipants": 6,
    "singlesCount": 36,
    "description": "KZTG1fqXPZP8 fYM4l9D",
    "bestAlbum": {
      "name": "WSizjLVylyJFzTY",
      "tracks": 16,
      "length": 58,
      "sales": 524798
    },
    "albumsCount": 9,
    "establishmentDate": "2016-08-08T22:28:41.748Z",
    "studio": {
      "name": "mYvZHOmACY"
    }
  },
  {
    "name": "AMxgDPZc",
    "coordinates": {
      "x": 122,
      "y": 137
    },
    "genre": "SOUL",
    "numberOfParticipants": 4,
    "singlesCount": 31,
    "description": "rAcSHEwYj8EFP4jgqhgw",
    "bestAlbum": {
      "name": "waGYDWxRvrdiidL",
      "tracks": 5,
      "length": 107,
      "sales": 664956
    },
    "albumsCount": 11,
    "establishmentDate": "2024-07-10T22:28:41.748Z",
    "studio": {
      "name": "qeTFSkpKxi"
    }
  },
  {
    "name": "qBstsJMQ",
    "coordinates": {
      "x": 116,
      "y": 229
    },
    "genre": "POST_ROCK",
    "numberOfParticipants": 8,
    "singlesCount": 34,
    "description": "a VH 1jO9joNlelpNx1w",
    "bestAlbum": {
      "name": "exnrJQPbGVJylEU",
      "tracks": 15,
      "length": 103,
      "sales": 104325
    },
    "albumsCount": 1,
    "establishmentDate": "2022-04-19T22:28:41.748Z",
    "studio": {
      "name": "znm cKYJqq"
    }
  },
  {
    "name": "PsvwvVRr",
    "coordinates": {
      "x": 36,
      "y": 111
    },
    "genre": "POST_ROCK",
    "numberOfParticipants": 8,
    "singlesCount": 3,
    "description": "VVvCLzBFwB3xUjCuq1Z7",
    "bestAlbum": {
      "name": "eczSAIHuMkSUGkP",
      "tracks": 12,
      "length": 35,
      "sales": 345213
    },
    "albumsCount": 12,
    "establishmentDate": "2022-06-21T22:28:41.748Z",
    "studio": {
      "name": "XiLfmJUVGK"
    }
  },
  {
    "name": "VttEEjJo",
    "coordinates": {
      "x": 187,
      "y": 118
    },
    "genre": "RAP",
    "numberOfParticipants": 3,
    "singlesCount": 1,
    "description": "5SwTpwJeqWEQP8umsRq3",
    "bestAlbum": {
      "name": "VlJRclLfUxLPlCX",
      "tracks": 17,
      "length": 84,
      "sales": 135346
    },
    "albumsCount": 1,
    "establishmentDate": "2017-01-28T22:28:41.748Z",
    "studio": {
      "name": "nNgUYstlCt"
    }
  },
  {
    "name": "gzPUKUkO",
    "coordinates": {
      "x": 164,
      "y": 242
    },
    "genre": "POST_ROCK",
    "numberOfParticipants": 9,
    "singlesCount": 31,
    "description": "UYrRikBUikp55WVGXhM1",
    "bestAlbum": {
      "name": "mPwHdUqOTrnab j",
      "tracks": 17,
      "length": 42,
      "sales": 290265
    },
    "albumsCount": 4,
    "establishmentDate": "2022-09-23T22:28:41.748Z",
    "studio": {
      "name": "omydEKUvUU"
    }
  },
  {
    "name": "HsZWYqOH",
    "coordinates": {
      "x": 43,
      "y": 209
    },
    "genre": "POST_ROCK",
    "numberOfParticipants": 4,
    "singlesCount": 21,
    "description": "zmwwVMmlCPujyj4sSGKA",
    "bestAlbum": {
      "name": "edLTW buzdB CVe",
      "tracks": 16,
      "length": 57,
      "sales": 973893
    },
    "albumsCount": 5,
    "establishmentDate": "2024-04-08T22:28:41.748Z",
    "studio": {
      "name": "lA UGczrqy"
    }
  },
  {
    "name": "xHnvgsQz",
    "coordinates": {
      "x": 192,
      "y": 286
    },
    "genre": "SOUL",
    "numberOfParticipants": 9,
    "singlesCount": 49,
    "description": "xfkGHhFZec60C35Zo2Kx",
    "bestAlbum": {
      "name": "G QFVeyHloLXGlW",
      "tracks": 20,
      "length": 70,
      "sales": 228791
    },
    "albumsCount": 13,
    "establishmentDate": "2017-04-23T22:28:41.748Z",
    "studio": {
      "name": "lNSIMFmBVy"
    }
  },
  {
    "name": "qbhYbXrq",
    "coordinates": {
      "x": 134,
      "y": 217
    },
    "genre": "RAP",
    "numberOfParticipants": 4,
    "singlesCount": 48,
    "description": "PS8258FnYSDS17MPwfdg",
    "bestAlbum": {
      "name": "WobWtVJ ajoBnTN",
      "tracks": 10,
      "length": 54,
      "sales": 400203
    },
    "albumsCount": 14,
    "establishmentDate": "2015-03-17T22:28:41.748Z",
    "studio": {
      "name": "LtoajGmQuw"
    }
  },
  {
    "name": "oJBMvGgf",
    "coordinates": {
      "x": 10,
      "y": 163
    },
    "genre": "SOUL",
    "numberOfParticipants": 6,
    "singlesCount": 13,
    "description": "jiTzAB1OIT5NjQVWRIKU",
    "bestAlbum": {
      "name": "eXmatokfiHCwhd ",
      "tracks": 9,
      "length": 53,
      "sales": 390645
    },
    "albumsCount": 6,
    "establishmentDate": "2018-09-16T22:28:41.748Z",
    "studio": {
      "name": "KoyaaNfXgc"
    }
  },
  {
    "name": "FgoQMhnF",
    "coordinates": {
      "x": 34,
      "y": 252
    },
    "genre": "SOUL",
    "numberOfParticipants": 6,
    "singlesCount": 35,
    "description": "gc9V29ikJwU64xuVWT2 ",
    "bestAlbum": {
      "name": "cvgmLQnOlqDuuaF",
      "tracks": 5,
      "length": 53,
      "sales": 674233
    },
    "albumsCount": 4,
    "establishmentDate": "2018-01-10T22:28:41.748Z",
    "studio": {
      "name": "RbLSBcVB Q"
    }
  },
  {
    "name": "fJbTxMzv",
    "coordinates": {
      "x": 120,
      "y": 112
    },
    "genre": "POST_ROCK",
    "numberOfParticipants": 4,
    "singlesCount": 13,
    "description": "d6sfVNjSyvTcB0ncNTZf",
    "bestAlbum": {
      "name": "ZizgWpJiOXtuZiG",
      "tracks": 19,
      "length": 116,
      "sales": 421069
    },
    "albumsCount": 9,
    "establishmentDate": "2017-09-15T22:28:41.748Z",
    "studio": {
      "name": "DIAaWRBnqE"
    }
  },
  {
    "name": "GXhmngvf",
    "coordinates": {
      "x": 15,
      "y": 235
    },
    "genre": "RAP",
    "numberOfParticipants": 5,
    "singlesCount": 11,
    "description": "6gMvrmmHa9vDzxiYrPSE",
    "bestAlbum": {
      "name": "XCtWELZRDutSwzS",
      "tracks": 10,
      "length": 50,
      "sales": 226663
    },
    "albumsCount": 3,
    "establishmentDate": "2018-11-05T22:28:41.748Z",
    "studio": {
      "name": "NCnXgavOUH"
    }
  },
  {
    "name": "jpffnlbR",
    "coordinates": {
      "x": 2,
      "y": 148
    },
    "genre": "POST_ROCK",
    "numberOfParticipants": 5,
    "singlesCount": 23,
    "description": "XhIssJv DG4mFLRLGMpR",
    "bestAlbum": {
      "name": "BIJzYDOBjTpvCdZ",
      "tracks": 10,
      "length": 99,
      "sales": 384267
    },
    "albumsCount": 3,
    "establishmentDate": "2019-06-06T22:28:41.748Z",
    "studio": {
      "name": "boAWmzAxGx"
    }
  },
  {
    "name": "rzoxPzPM",
    "coordinates": {
      "x": 131,
      "y": 281
    },
    "genre": "POST_ROCK",
    "numberOfParticipants": 10,
    "singlesCount": 50,
    "description": "lRn00dSeYL2BuQVitYC5",
    "bestAlbum": {
      "name": " rQpAVSUjXkYdWS",
      "tracks": 7,
      "length": 117,
      "sales": 277463
    },
    "albumsCount": 10,
    "establishmentDate": "2019-06-02T22:28:41.748Z",
    "studio": {
      "name": "PLOLKEJFqh"
    }
  },
  {
    "name": "rTsUPXFM",
    "coordinates": {
      "x": 4,
      "y": 286
    },
    "genre": "RAP",
    "numberOfParticipants": 7,
    "singlesCount": 13,
    "description": "z9MuNkX2XHbifHZSPu1w",
    "bestAlbum": {
      "name": "fsegmsw ntEsaJN",
      "tracks": 9,
      "length": 30,
      "sales": 826325
    },
    "albumsCount": 8,
    "establishmentDate": "2024-05-29T22:28:41.748Z",
    "studio": {
      "name": "qzofszcSdL"
    }
  },
  {
    "name": "WwFBikqI",
    "coordinates": {
      "x": 134,
      "y": 112
    },
    "genre": "SOUL",
    "numberOfParticipants": 9,
    "singlesCount": 36,
    "description": "5JRwxBSNtG9476RqkkEX",
    "bestAlbum": {
      "name": "RZtotIZziWFVQgH",
      "tracks": 16,
      "length": 88,
      "sales": 184472
    },
    "albumsCount": 10,
    "establishmentDate": "2019-03-09T22:28:41.748Z",
    "studio": {
      "name": "LBsPP HkhP"
    }
  },
  {
    "name": "MrvAuZwJ",
    "coordinates": {
      "x": 168,
      "y": 295
    },
    "genre": "RAP",
    "numberOfParticipants": 2,
    "singlesCount": 24,
    "description": "lUXTuGKHkFuQ3vPt  kD",
    "bestAlbum": {
      "name": "pxxTSL tcJChVZF",
      "tracks": 18,
      "length": 49,
      "sales": 99291
    },
    "albumsCount": 3,
    "establishmentDate": "2015-04-23T22:28:41.748Z",
    "studio": {
      "name": "YOqHYpzoLR"
    }
  },
  {
    "name": "cOImTYrp",
    "coordinates": {
      "x": 169,
      "y": 248
    },
    "genre": "RAP",
    "numberOfParticipants": 1,
    "singlesCount": 45,
    "description": "16cBytIyerzaHLVbphog",
    "bestAlbum": {
      "name": "U kKnrOJ  eXYBy",
      "tracks": 19,
      "length": 55,
      "sales": 895366
    },
    "albumsCount": 2,
    "establishmentDate": "2024-09-21T22:28:41.748Z",
    "studio": {
      "name": "ADRKhcCHUY"
    }
  },
  {
    "name": "kIeJdLGc",
    "coordinates": {
      "x": 182,
      "y": 201
    },
    "genre": "SOUL",
    "numberOfParticipants": 4,
    "singlesCount": 1,
    "description": "EAQHrOP4HiVbOB2Ykzlk",
    "bestAlbum": {
      "name": "wzFtGwgWXOZVuzL",
      "tracks": 7,
      "length": 91,
      "sales": 785828
    },
    "albumsCount": 3,
    "establishmentDate": "2019-12-17T22:28:41.748Z",
    "studio": {
      "name": "S KfmbgRqW"
    }
  },
  {
    "name": "tziTVWIm",
    "coordinates": {
      "x": 52,
      "y": 247
    },
    "genre": "POST_ROCK",
    "numberOfParticipants": 1,
    "singlesCount": 44,
    "description": "Xx3mcW0HOgNB1oCc5DOc",
    "bestAlbum": {
      "name": "GWhrlceIMVFoCgg",
      "tracks": 17,
      "length": 37,
      "sales": 674440
    },
    "albumsCount": 1,
    "establishmentDate": "2015-05-02T22:28:41.748Z",
    "studio": {
      "name": "mWpVfdEXwb"
    }
  },
  {
    "name": "yOmGvFhV",
    "coordinates": {
      "x": 42,
      "y": 155
    },
    "genre": "SOUL",
    "numberOfParticipants": 2,
    "singlesCount": 42,
    "description": "D9zJvb9MoTZ90MT8PPSD",
    "bestAlbum": {
      "name": "oez QTFqSKIWaBW",
      "tracks": 12,
      "length": 78,
      "sales": 227106
    },
    "albumsCount": 9,
    "establishmentDate": "2024-01-10T22:28:41.748Z",
    "studio": {
      "name": "RXXWgXmyap"
    }
  },
  {
    "name": "fFBZLLpt",
    "coordinates": {
      "x": 25,
      "y": 165
    },
    "genre": "POST_ROCK",
    "numberOfParticipants": 2,
    "singlesCount": 14,
    "description": "RCMhEhOXJjH1PQtdBK7c",
    "bestAlbum": {
      "name": "CgGZzSd RwnytdW",
      "tracks": 8,
      "length": 30,
      "sales": 864785
    },
    "albumsCount": 8,
    "establishmentDate": "2022-01-23T22:28:41.748Z",
    "studio": {
      "name": "dUVSuBmScE"
    }
  },
  {
    "name": "qPdhiPXQ",
    "coordinates": {
      "x": 158,
      "y": 226
    },
    "genre": "POST_ROCK",
    "numberOfParticipants": 6,
    "singlesCount": 36,
    "description": "mt5OorvrcCgUW9pKm36e",
    "bestAlbum": {
      "name": "oUovA wIHApdDDk",
      "tracks": 11,
      "length": 30,
      "sales": 463830
    },
    "albumsCount": 3,
    "establishmentDate": "2017-04-28T22:28:41.748Z",
    "studio": {
      "name": "AbYu GvRlw"
    }
  },
  {
    "name": "UiIImzsq",
    "coordinates": {
      "x": 70,
      "y": 140
    },
    "genre": "RAP",
    "numberOfParticipants": 10,
    "singlesCount": 25,
    "description": "pW4KPfv8iTjoWF409fsT",
    "bestAlbum": {
      "name": "fWu okkGkavKqrY",
      "tracks": 8,
      "length": 90,
      "sales": 435392
    },
    "albumsCount": 3,
    "establishmentDate": "2024-12-06T22:28:41.748Z",
    "studio": {
      "name": "FVuDJdisoY"
    }
  },
  {
    "name": "XJwqyMgQ",
    "coordinates": {
      "x": 191,
      "y": 246
    },
    "genre": "RAP",
    "numberOfParticipants": 3,
    "singlesCount": 19,
    "description": "g95WGoUWQbV KeZqbqJR",
    "bestAlbum": {
      "name": "OwxanUWQfNbkObh",
      "tracks": 19,
      "length": 117,
      "sales": 680804
    },
    "albumsCount": 8,
    "establishmentDate": "2020-08-20T22:28:41.748Z",
    "studio": {
      "name": "bUimTMjnqi"
    }
  },
  {
    "name": "eQjtJgrH",
    "coordinates": {
      "x": 5,
      "y": 274
    },
    "genre": "POST_ROCK",
    "numberOfParticipants": 8,
    "singlesCount": 38,
    "description": "QpoK7aa3vgErSjzh0dWa",
    "bestAlbum": {
      "name": "TsVHtgRBhMYkyiO",
      "tracks": 11,
      "length": 72,
      "sales": 483772
    },
    "albumsCount": 15,
    "establishmentDate": "2022-12-17T22:28:41.748Z",
    "studio": {
      "name": "gbzyErBuNN"
    }
  },
  {
    "name": "aUoEBqPk",
    "coordinates": {
      "x": 34,
      "y": 205
    },
    "genre": "SOUL",
    "numberOfParticipants": 5,
    "singlesCount": 13,
    "description": "tR9jw5b6M3 4dlJFBvPP",
    "bestAlbum": {
      "name": "tZkVpWxwmYKvttm",
      "tracks": 20,
      "length": 66,
      "sales": 495358
    },
    "albumsCount": 9,
    "establishmentDate": "2021-07-30T22:28:41.748Z",
    "studio": {
      "name": "yxOhlbArTi"
    }
  },
  {
    "name": "OLIePnwK",
    "coordinates": {
      "x": 13,
      "y": 201
    },
    "genre": "RAP",
    "numberOfParticipants": 4,
    "singlesCount": 26,
    "description": "GZzu 9fg mcJEOIWAmMm",
    "bestAlbum": {
      "name": "KbfH OHOrapzEhc",
      "tracks": 6,
      "length": 89,
      "sales": 453300
    },
    "albumsCount": 6,
    "establishmentDate": "2016-06-30T22:28:41.748Z",
    "studio": {
      "name": " DnbmjQZgv"
    }
  },
  {
    "name": "dKYHxEli",
    "coordinates": {
      "x": 101,
      "y": 289
    },
    "genre": "RAP",
    "numberOfParticipants": 2,
    "singlesCount": 34,
    "description": "s9By8nUWAaRrMBmgLANO",
    "bestAlbum": {
      "name": "dIAmBCabeXFiHst",
      "tracks": 14,
      "length": 38,
      "sales": 207782
    },
    "albumsCount": 15,
    "establishmentDate": "2018-09-01T22:28:41.748Z",
    "studio": {
      "name": "TZqbCTVILf"
    }
  },
  {
    "name": "CvgPlXuN",
    "coordinates": {
      "x": 95,
      "y": 170
    },
    "genre": "SOUL",
    "numberOfParticipants": 4,
    "singlesCount": 14,
    "description": "8k01UHR4qzJgAu0iQTuM",
    "bestAlbum": {
      "name": "wNGBSenVqIoKIOH",
      "tracks": 15,
      "length": 38,
      "sales": 924574
    },
    "albumsCount": 11,
    "establishmentDate": "2021-07-22T22:28:41.748Z",
    "studio": {
      "name": "jTuusIyder"
    }
  },
  {
    "name": "UNqtNsBV",
    "coordinates": {
      "x": 41,
      "y": 276
    },
    "genre": "POST_ROCK",
    "numberOfParticipants": 7,
    "singlesCount": 36,
    "description": "x39Fi4 otuIiiCpGTDUF",
    "bestAlbum": {
      "name": "jzsQLNuccuHcTkN",
      "tracks": 17,
      "length": 76,
      "sales": 767721
    },
    "albumsCount": 1,
    "establishmentDate": "2017-10-24T22:28:41.748Z",
    "studio": {
      "name": "WdcNpBlBdC"
    }
  },
  {
    "name": "SPwfGEqB",
    "coordinates": {
      "x": 109,
      "y": 245
    },
    "genre": "POST_ROCK",
    "numberOfParticipants": 3,
    "singlesCount": 31,
    "description": "IAtvGl5CYj71nv8IvisS",
    "bestAlbum": {
      "name": "QlIyTXfJFCVbkCB",
      "tracks": 20,
      "length": 36,
      "sales": 346432
    },
    "albumsCount": 15,
    "establishmentDate": "2024-09-09T22:28:41.748Z",
    "studio": {
      "name": "hcqiptuxvN"
    }
  },
  {
    "name": "nkththgR",
    "coordinates": {
      "x": 103,
      "y": 203
    },
    "genre": "POST_ROCK",
    "numberOfParticipants": 7,
    "singlesCount": 5,
    "description": "KOkFSlUFx0dHVUykQapc",
    "bestAlbum": {
      "name": "nXvclmVcOKmVFWP",
      "tracks": 17,
      "length": 34,
      "sales": 541948
    },
    "albumsCount": 14,
    "establishmentDate": "2016-10-15T22:28:41.748Z",
    "studio": {
      "name": "JxMyWKAaQC"
    }
  },
  {
    "name": "vprieReC",
    "coordinates": {
      "x": 189,
      "y": 154
    },
    "genre": "SOUL",
    "numberOfParticipants": 5,
    "singlesCount": 8,
    "description": "88625DpefctdAgvtqY5t",
    "bestAlbum": {
      "name": "vzxcKLeZWnoFgec",
      "tracks": 9,
      "length": 42,
      "sales": 86313
    },
    "albumsCount": 7,
    "establishmentDate": "2016-03-29T22:28:41.748Z",
    "studio": {
      "name": "xFZdtiBEXm"
    }
  },
  {
    "name": "XpyyApNo",
    "coordinates": {
      "x": 41,
      "y": 205
    },
    "genre": "SOUL",
    "numberOfParticipants": 4,
    "singlesCount": 8,
    "description": "FCVr8ZaYIDW3cJpoYFdf",
    "bestAlbum": {
      "name": "XwPnThSeSqkGDGl",
      "tracks": 18,
      "length": 61,
      "sales": 231737
    },
    "albumsCount": 7,
    "establishmentDate": "2024-06-15T22:28:41.748Z",
    "studio": {
      "name": "ZoVcGJMsZE"
    }
  },
  {
    "name": "NJPUyqFc",
    "coordinates": {
      "x": 51,
      "y": 118
    },
    "genre": "POST_ROCK",
    "numberOfParticipants": 7,
    "singlesCount": 14,
    "description": "rBX9sjK8eFEyFRM3O5zk",
    "bestAlbum": {
      "name": "gxTauYcOQwRxijC",
      "tracks": 5,
      "length": 103,
      "sales": 507018
    },
    "albumsCount": 4,
    "establishmentDate": "2018-10-31T22:28:41.748Z",
    "studio": {
      "name": "VaFYptdvGs"
    }
  },
  {
    "name": "tEvADCHA",
    "coordinates": {
      "x": 104,
      "y": 287
    },
    "genre": "POST_ROCK",
    "numberOfParticipants": 5,
    "singlesCount": 30,
    "description": "4G0ymeovSnk02zp6fzEG",
    "bestAlbum": {
      "name": "KNPVMsMHdAtfIge",
      "tracks": 13,
      "length": 76,
      "sales": 250984
    },
    "albumsCount": 14,
    "establishmentDate": "2019-07-19T22:28:41.749Z",
    "studio": {
      "name": "Hzng Ynfue"
    }
  },
  {
    "name": "sWXxbbhz",
    "coordinates": {
      "x": 131,
      "y": 258
    },
    "genre": "SOUL",
    "numberOfParticipants": 6,
    "singlesCount": 6,
    "description": "y1DkXQxuFWKTE9GMI2u6",
    "bestAlbum": {
      "name": " SMjqedmtlqzJMs",
      "tracks": 19,
      "length": 120,
      "sales": 268030
    },
    "albumsCount": 6,
    "establishmentDate": "2023-05-25T22:28:41.749Z",
    "studio": {
      "name": "agiOOHzSlG"
    }
  },
  {
    "name": "BMZgSIEs",
    "coordinates": {
      "x": 44,
      "y": 147
    },
    "genre": "POST_ROCK",
    "numberOfParticipants": 3,
    "singlesCount": 21,
    "description": "WI Jg9W7J9NxDisd43PB",
    "bestAlbum": {
      "name": "shQoyfY xJjwNkH",
      "tracks": 19,
      "length": 59,
      "sales": 651674
    },
    "albumsCount": 12,
    "establishmentDate": "2019-12-12T22:28:41.749Z",
    "studio": {
      "name": "gXOuEEiAlu"
    }
  },
  {
    "name": "aDwavcnG",
    "coordinates": {
      "x": 114,
      "y": 122
    },
    "genre": "POST_ROCK",
    "numberOfParticipants": 6,
    "singlesCount": 17,
    "description": "mKNDo TowHGr0boYbBvM",
    "bestAlbum": {
      "name": "VJrhLWGviOoFOKC",
      "tracks": 16,
      "length": 50,
      "sales": 896521
    },
    "albumsCount": 13,
    "establishmentDate": "2022-05-07T22:28:41.749Z",
    "studio": {
      "name": "EelgRrNiup"
    }
  },
  {
    "name": "VXAcJleP",
    "coordinates": {
      "x": 191,
      "y": 297
    },
    "genre": "POST_ROCK",
    "numberOfParticipants": 5,
    "singlesCount": 5,
    "description": "ImAJTK5TiZN3MH4nPFe4",
    "bestAlbum": {
      "name": "wcFLgATgezbAmpF",
      "tracks": 11,
      "length": 93,
      "sales": 462472
    },
    "albumsCount": 5,
    "establishmentDate": "2017-09-28T22:28:41.749Z",
    "studio": {
      "name": "zGQRa OUML"
    }
  },
  {
    "name": "UWcjJptu",
    "coordinates": {
      "x": 92,
      "y": 191
    },
    "genre": "SOUL",
    "numberOfParticipants": 9,
    "singlesCount": 29,
    "description": "RRpmScB88k0ARoU3LM8X",
    "bestAlbum": {
      "name": "vVylATjoiAjbCVA",
      "tracks": 7,
      "length": 86,
      "sales": 770055
    },
    "albumsCount": 14,
    "establishmentDate": "2016-04-03T22:28:41.749Z",
    "studio": {
      "name": "lSfipTTxCl"
    }
  },
  {
    "name": "SjFlKEOp",
    "coordinates": {
      "x": 61,
      "y": 155
    },
    "genre": "POST_ROCK",
    "numberOfParticipants": 7,
    "singlesCount": 7,
    "description": "vavYFIE8FNw QOXeggh1",
    "bestAlbum": {
      "name": "AlKhDjewXUOqSAV",
      "tracks": 18,
      "length": 98,
      "sales": 288118
    },
    "albumsCount": 7,
    "establishmentDate": "2022-10-19T22:28:41.749Z",
    "studio": {
      "name": "AuidX AIEt"
    }
  },
  {
    "name": "whvhKKjx",
    "coordinates": {
      "x": 75,
      "y": 244
    },
    "genre": "RAP",
    "numberOfParticipants": 7,
    "singlesCount": 19,
    "description": "TZaPM5QuAemT jZTagM ",
    "bestAlbum": {
      "name": "aBklfXVHdYqZpMM",
      "tracks": 19,
      "length": 75,
      "sales": 663257
    },
    "albumsCount": 13,
    "establishmentDate": "2016-10-27T22:28:41.749Z",
    "studio": {
      "name": "vKD QXWzj "
    }
  },
  {
    "name": "kZqtRGxj",
    "coordinates": {
      "x": 99,
      "y": 261
    },
    "genre": "SOUL",
    "numberOfParticipants": 9,
    "singlesCount": 47,
    "description": "mHwy4YABBi3dQi2UO9lM",
    "bestAlbum": {
      "name": "a TFMiqUlarwKNQ",
      "tracks": 10,
      "length": 102,
      "sales": 81087
    },
    "albumsCount": 3,
    "establishmentDate": "2022-04-11T22:28:41.749Z",
    "studio": {
      "name": "otiCadFUih"
    }
  },
  {
    "name": "wGwCIYIr",
    "coordinates": {
      "x": 193,
      "y": 212
    },
    "genre": "POST_ROCK",
    "numberOfParticipants": 8,
    "singlesCount": 21,
    "description": "3UAsxTN5OcjyIDy7c wQ",
    "bestAlbum": {
      "name": "awcKsCpypMDEAWt",
      "tracks": 8,
      "length": 42,
      "sales": 226660
    },
    "albumsCount": 2,
    "establishmentDate": "2023-11-16T22:28:41.749Z",
    "studio": {
      "name": "pNqTTjOXWh"
    }
  },
  {
    "name": "tToyozDQ",
    "coordinates": {
      "x": 16,
      "y": 259
    },
    "genre": "RAP",
    "numberOfParticipants": 3,
    "singlesCount": 9,
    "description": "QBKWQb04o8JkHMr KVq5",
    "bestAlbum": {
      "name": "wxxMpYyaPUGrvfE",
      "tracks": 18,
      "length": 105,
      "sales": 651381
    },
    "albumsCount": 8,
    "establishmentDate": "2023-01-15T22:28:41.749Z",
    "studio": {
      "name": "OVneLaFNAC"
    }
  },
  {
    "name": "DtFSgPlY",
    "coordinates": {
      "x": 193,
      "y": 291
    },
    "genre": "RAP",
    "numberOfParticipants": 4,
    "singlesCount": 2,
    "description": "mCaumHaOSPmzCTQ5Z1Au",
    "bestAlbum": {
      "name": "MbuhpvFxqBDGb j",
      "tracks": 16,
      "length": 69,
      "sales": 116234
    },
    "albumsCount": 7,
    "establishmentDate": "2022-12-18T22:28:41.749Z",
    "studio": {
      "name": "TJkpGS DVD"
    }
  },
  {
    "name": "iMALvZLS",
    "coordinates": {
      "x": 197,
      "y": 205
    },
    "genre": "SOUL",
    "numberOfParticipants": 2,
    "singlesCount": 50,
    "description": "5x7V80hYD1AFEX6n8a8y",
    "bestAlbum": {
      "name": "LdmwWwDzDcWwM Z",
      "tracks": 12,
      "length": 108,
      "sales": 483275
    },
    "albumsCount": 14,
    "establishmentDate": "2022-01-15T22:28:41.749Z",
    "studio": {
      "name": "ksS jKkwpO"
    }
  },
  {
    "name": "ScMnNQMe",
    "coordinates": {
      "x": 161,
      "y": 299
    },
    "genre": "RAP",
    "numberOfParticipants": 9,
    "singlesCount": 14,
    "description": "UQH3ztLZwoQXbWGwXhwn",
    "bestAlbum": {
      "name": "qhTZdNtwWxnLFaa",
      "tracks": 5,
      "length": 42,
      "sales": 154084
    },
    "albumsCount": 3,
    "establishmentDate": "2021-09-14T22:28:41.749Z",
    "studio": {
      "name": "aciruW kUu"
    }
  },
  {
    "name": "qyBusKLN",
    "coordinates": {
      "x": 194,
      "y": 111
    },
    "genre": "RAP",
    "numberOfParticipants": 8,
    "singlesCount": 21,
    "description": "Loyls9nsRZQ4ASdH6KJd",
    "bestAlbum": {
      "name": "TuOsMwyQOeduDFF",
      "tracks": 10,
      "length": 119,
      "sales": 722893
    },
    "albumsCount": 2,
    "establishmentDate": "2019-11-11T22:28:41.749Z",
    "studio": {
      "name": "zXYHsTkZlo"
    }
  },
  {
    "name": "KjCQPbDo",
    "coordinates": {
      "x": 159,
      "y": 215
    },
    "genre": "SOUL",
    "numberOfParticipants": 9,
    "singlesCount": 33,
    "description": "JqHgX6o1Blg8Or9nEVM1",
    "bestAlbum": {
      "name": "BipaxZQMXJcRXiu",
      "tracks": 17,
      "length": 34,
      "sales": 173145
    },
    "albumsCount": 13,
    "establishmentDate": "2022-05-31T22:28:41.749Z",
    "studio": {
      "name": "oLNOndblWZ"
    }
  },
  {
    "name": "tMAUUazg",
    "coordinates": {
      "x": 129,
      "y": 265
    },
    "genre": "POST_ROCK",
    "numberOfParticipants": 3,
    "singlesCount": 39,
    "description": "btv h8SV6w33qkLewHvT",
    "bestAlbum": {
      "name": "yEiaYxTGSHP xNM",
      "tracks": 15,
      "length": 73,
      "sales": 485396
    },
    "albumsCount": 11,
    "establishmentDate": "2017-11-11T22:28:41.749Z",
    "studio": {
      "name": "vTxtsPEygL"
    }
  },
  {
    "name": "HGwPyrKj",
    "coordinates": {
      "x": 177,
      "y": 111
    },
    "genre": "SOUL",
    "numberOfParticipants": 7,
    "singlesCount": 43,
    "description": "iHFEwGMIUzZxRomkBcl6",
    "bestAlbum": {
      "name": "cjohFqCkIpSmHlY",
      "tracks": 5,
      "length": 44,
      "sales": 425010
    },
    "albumsCount": 4,
    "establishmentDate": "2023-12-10T22:28:41.749Z",
    "studio": {
      "name": "GNLCCnJuKK"
    }
  },
  {
    "name": "OLhBVtnz",
    "coordinates": {
      "x": 196,
      "y": 210
    },
    "genre": "RAP",
    "numberOfParticipants": 4,
    "singlesCount": 44,
    "description": "Hl5yjRoL9SrEDtw6snct",
    "bestAlbum": {
      "name": "GXunoSOnwyTnicc",
      "tracks": 6,
      "length": 106,
      "sales": 255796
    },
    "albumsCount": 6,
    "establishmentDate": "2015-07-02T22:28:41.749Z",
    "studio": {
      "name": "praDzyY Mx"
    }
  },
  {
    "name": "IEqBKzLg",
    "coordinates": {
      "x": 81,
      "y": 169
    },
    "genre": "RAP",
    "numberOfParticipants": 1,
    "singlesCount": 39,
    "description": "CKbS7rbvQXvLYiV75Rj0",
    "bestAlbum": {
      "name": "XjR WEkh  rkJrs",
      "tracks": 6,
      "length": 102,
      "sales": 153823
    },
    "albumsCount": 2,
    "establishmentDate": "2019-02-19T22:28:41.749Z",
    "studio": {
      "name": "KRltxPAWUM"
    }
  },
  {
    "name": "hpLWVwWA",
    "coordinates": {
      "x": 184,
      "y": 155
    },
    "genre": "POST_ROCK",
    "numberOfParticipants": 7,
    "singlesCount": 18,
    "description": "UZpmVbNw9s4fCkMuLg7X",
    "bestAlbum": {
      "name": "DyauzQUAg ArozG",
      "tracks": 7,
      "length": 42,
      "sales": 491073
    },
    "albumsCount": 13,
    "establishmentDate": "2017-12-26T22:28:41.749Z",
    "studio": {
      "name": "EhvZRWIDOQ"
    }
  },
  {
    "name": "DqnchIkQ",
    "coordinates": {
      "x": 67,
      "y": 191
    },
    "genre": "POST_ROCK",
    "numberOfParticipants": 9,
    "singlesCount": 3,
    "description": "fr7ocwdFkkquyC o5xgV",
    "bestAlbum": {
      "name": "WeOPRV tZNqlSsr",
      "tracks": 13,
      "length": 94,
      "sales": 1711
    },
    "albumsCount": 1,
    "establishmentDate": "2021-09-11T22:28:41.749Z",
    "studio": {
      "name": "glRBjxonEY"
    }
  },
  {
    "name": "ukQnOOmu",
    "coordinates": {
      "x": 109,
      "y": 132
    },
    "genre": "RAP",
    "numberOfParticipants": 7,
    "singlesCount": 34,
    "description": "HpeMCT8IvGg08Xox1AbH",
    "bestAlbum": {
      "name": "FAnqFiaqmX JgXW",
      "tracks": 14,
      "length": 63,
      "sales": 142136
    },
    "albumsCount": 5,
    "establishmentDate": "2017-11-06T22:28:41.749Z",
    "studio": {
      "name": "CsDSjHuvrY"
    }
  },
  {
    "name": "tneinGCS",
    "coordinates": {
      "x": 121,
      "y": 175
    },
    "genre": "SOUL",
    "numberOfParticipants": 10,
    "singlesCount": 44,
    "description": "fwNc28Y2bHfVo1KgwMQI",
    "bestAlbum": {
      "name": "j nYzGVcKNLQcMw",
      "tracks": 10,
      "length": 93,
      "sales": 956441
    },
    "albumsCount": 5,
    "establishmentDate": "2023-05-05T22:28:41.749Z",
    "studio": {
      "name": "dTJZubVXXz"
    }
  },
  {
    "name": "MgPIcWMR",
    "coordinates": {
      "x": 44,
      "y": 188
    },
    "genre": "RAP",
    "numberOfParticipants": 4,
    "singlesCount": 35,
    "description": "xdBFPfa0N1y7m5A5rL M",
    "bestAlbum": {
      "name": "ICUTgeKlrkAeqmU",
      "tracks": 12,
      "length": 99,
      "sales": 522287
    },
    "albumsCount": 7,
    "establishmentDate": "2015-04-27T22:28:41.749Z",
    "studio": {
      "name": "qcZYIKccLb"
    }
  },
  {
    "name": "OmHQWeft",
    "coordinates": {
      "x": 148,
      "y": 110
    },
    "genre": "RAP",
    "numberOfParticipants": 10,
    "singlesCount": 33,
    "description": "To7 bTqQJF50s5ZXLEOv",
    "bestAlbum": {
      "name": "zTEWoFRtgZRBOum",
      "tracks": 17,
      "length": 63,
      "sales": 231358
    },
    "albumsCount": 10,
    "establishmentDate": "2024-01-12T22:28:41.749Z",
    "studio": {
      "name": "hBMFLhXHUk"
    }
  },
  {
    "name": "iZPdMiSI",
    "coordinates": {
      "x": 13,
      "y": 155
    },
    "genre": "POST_ROCK",
    "numberOfParticipants": 2,
    "singlesCount": 29,
    "description": "XHUgA yDt4pEdItSOBTM",
    "bestAlbum": {
      "name": "XvEMOxBiNqQpbbJ",
      "tracks": 5,
      "length": 56,
      "sales": 464068
    },
    "albumsCount": 11,
    "establishmentDate": "2022-01-26T22:28:41.749Z",
    "studio": {
      "name": "IcMSpaIWgP"
    }
  },
  {
    "name": "lYLzOFtO",
    "coordinates": {
      "x": 119,
      "y": 156
    },
    "genre": "SOUL",
    "numberOfParticipants": 4,
    "singlesCount": 45,
    "description": "nzzcGQCrewl0DRgDmfj7",
    "bestAlbum": {
      "name": "VTnBnGXdDpdKHdX",
      "tracks": 9,
      "length": 90,
      "sales": 298169
    },
    "albumsCount": 9,
    "establishmentDate": "2022-01-20T22:28:41.749Z",
    "studio": {
      "name": "IBJRbSayui"
    }
  },
  {
    "name": "JiTJGzaR",
    "coordinates": {
      "x": 4,
      "y": 241
    },
    "genre": "POST_ROCK",
    "numberOfParticipants": 8,
    "singlesCount": 7,
    "description": "LK0ZkFE1c hYes2shxRL",
    "bestAlbum": {
      "name": "obYFNSxyHsOxfBe",
      "tracks": 19,
      "length": 112,
      "sales": 317757
    },
    "albumsCount": 11,
    "establishmentDate": "2017-09-21T22:28:41.749Z",
    "studio": {
      "name": "jTTFsJCvKc"
    }
  },
  {
    "name": "yJTMeQpl",
    "coordinates": {
      "x": 165,
      "y": 278
    },
    "genre": "RAP",
    "numberOfParticipants": 5,
    "singlesCount": 25,
    "description": "JPA1sFN1B9wxLATT6kxV",
    "bestAlbum": {
      "name": "ZLwJQOwbUCmAEYn",
      "tracks": 9,
      "length": 67,
      "sales": 166085
    },
    "albumsCount": 12,
    "establishmentDate": "2018-09-19T22:28:41.749Z",
    "studio": {
      "name": "DLgtQdhKFq"
    }
  },
  {
    "name": "xzYQAHrl",
    "coordinates": {
      "x": 37,
      "y": 211
    },
    "genre": "RAP",
    "numberOfParticipants": 3,
    "singlesCount": 26,
    "description": "Wje37F9Z0lBEsJxsRQoa",
    "bestAlbum": {
      "name": "WYDtcFfjQUFkFZl",
      "tracks": 15,
      "length": 67,
      "sales": 116370
    },
    "albumsCount": 4,
    "establishmentDate": "2019-09-27T22:28:41.749Z",
    "studio": {
      "name": "bub uKETam"
    }
  },
  {
    "name": "DsILSKnj",
    "coordinates": {
      "x": 140,
      "y": 187
    },
    "genre": "RAP",
    "numberOfParticipants": 3,
    "singlesCount": 6,
    "description": "nFcMFXpGCOVhGuSsErCh",
    "bestAlbum": {
      "name": "oPjAIbtekwdrhsL",
      "tracks": 12,
      "length": 37,
      "sales": 223050
    },
    "albumsCount": 14,
    "establishmentDate": "2020-06-15T22:28:41.749Z",
    "studio": {
      "name": "jLCrlNcMao"
    }
  },
  {
    "name": "HSydMmeJ",
    "coordinates": {
      "x": 151,
      "y": 284
    },
    "genre": "RAP",
    "numberOfParticipants": 1,
    "singlesCount": 2,
    "description": "FF9bVWQ50XJD2SxtBkEZ",
    "bestAlbum": {
      "name": "NuZUwhkmcxDlvEm",
      "tracks": 8,
      "length": 107,
      "sales": 409213
    },
    "albumsCount": 6,
    "establishmentDate": "2019-11-28T22:28:41.749Z",
    "studio": {
      "name": "BQZWLXKYFN"
    }
  },
  {
    "name": "FGVFiRLp",
    "coordinates": {
      "x": 78,
      "y": 138
    },
    "genre": "POST_ROCK",
    "numberOfParticipants": 8,
    "singlesCount": 21,
    "description": "bbstF2kosn LzUuKBqBy",
    "bestAlbum": {
      "name": "WEprkiIYrkkXWdc",
      "tracks": 10,
      "length": 117,
      "sales": 424365
    },
    "albumsCount": 10,
    "establishmentDate": "2019-04-27T22:28:41.749Z",
    "studio": {
      "name": "LxrHdNhOTY"
    }
  },
  {
    "name": "dAlNePxF",
    "coordinates": {
      "x": 94,
      "y": 300
    },
    "genre": "RAP",
    "numberOfParticipants": 7,
    "singlesCount": 9,
    "description": "3YtRh6V7DpxyU1ElgX5B",
    "bestAlbum": {
      "name": "xBFVjIXnBGryGuy",
      "tracks": 11,
      "length": 73,
      "sales": 849509
    },
    "albumsCount": 8,
    "establishmentDate": "2019-12-06T22:28:41.749Z",
    "studio": {
      "name": " CqQSXsBpW"
    }
  },
  {
    "name": "ttGrNPsf",
    "coordinates": {
      "x": 83,
      "y": 226
    },
    "genre": "SOUL",
    "numberOfParticipants": 3,
    "singlesCount": 48,
    "description": "7ipZKzywNQS9zhQXEJOc",
    "bestAlbum": {
      "name": "eZNHccdtGqAYtCt",
      "tracks": 13,
      "length": 110,
      "sales": 844291
    },
    "albumsCount": 6,
    "establishmentDate": "2024-03-12T22:28:41.749Z",
    "studio": {
      "name": "uxCswtIDbJ"
    }
  },
  {
    "name": "qvBQnjwZ",
    "coordinates": {
      "x": 127,
      "y": 188
    },
    "genre": "RAP",
    "numberOfParticipants": 4,
    "singlesCount": 14,
    "description": "0ZG5a5bnK61svloUUQsB",
    "bestAlbum": {
      "name": "tzqzdooZu bTfim",
      "tracks": 7,
      "length": 100,
      "sales": 891685
    },
    "albumsCount": 13,
    "establishmentDate": "2024-07-20T22:28:41.749Z",
    "studio": {
      "name": "cNYpGMjPPQ"
    }
  },
  {
    "name": "vSIartbJ",
    "coordinates": {
      "x": 54,
      "y": 298
    },
    "genre": "POST_ROCK",
    "numberOfParticipants": 10,
    "singlesCount": 31,
    "description": "YChfMuQVKX79cFaMPMKm",
    "bestAlbum": {
      "name": "PyQROOyoApxSjuP",
      "tracks": 20,
      "length": 109,
      "sales": 341942
    },
    "albumsCount": 13,
    "establishmentDate": "2015-10-31T22:28:41.749Z",
    "studio": {
      "name": "PpvvGPvchx"
    }
  },
  {
    "name": "OpduZklf",
    "coordinates": {
      "x": 158,
      "y": 230
    },
    "genre": "RAP",
    "numberOfParticipants": 4,
    "singlesCount": 10,
    "description": "qytUkSEWlskwlepTyRSU",
    "bestAlbum": {
      "name": "JtRslnYCgfBUtWQ",
      "tracks": 17,
      "length": 111,
      "sales": 975743
    },
    "albumsCount": 11,
    "establishmentDate": "2016-07-16T22:28:41.749Z",
    "studio": {
      "name": "i nYnLwACn"
    }
  },
  {
    "name": "oRXSazok",
    "coordinates": {
      "x": 120,
      "y": 287
    },
    "genre": "POST_ROCK",
    "numberOfParticipants": 7,
    "singlesCount": 34,
    "description": "HqgzoVsosIp9KaEPyHmy",
    "bestAlbum": {
      "name": "UnuwLYsUfizsiEA",
      "tracks": 12,
      "length": 108,
      "sales": 927840
    },
    "albumsCount": 14,
    "establishmentDate": "2019-05-12T22:28:41.749Z",
    "studio": {
      "name": "xsFkkzJhOe"
    }
  },
  {
    "name": "kCpbvIlv",
    "coordinates": {
      "x": 143,
      "y": 144
    },
    "genre": "SOUL",
    "numberOfParticipants": 9,
    "singlesCount": 15,
    "description": "qxAOF2v9Dbmj37oCbktN",
    "bestAlbum": {
      "name": "DQeCBSsLyoeIYhV",
      "tracks": 15,
      "length": 88,
      "sales": 99734
    },
    "albumsCount": 2,
    "establishmentDate": "2015-03-08T22:28:41.749Z",
    "studio": {
      "name": "oDMvOxj Hu"
    }
  },
  {
    "name": "qKVFcKCF",
    "coordinates": {
      "x": 31,
      "y": 134
    },
    "genre": "POST_ROCK",
    "numberOfParticipants": 7,
    "singlesCount": 29,
    "description": "skZYbs5lE1W33FCOjqb1",
    "bestAlbum": {
      "name": "OiySwxvbYEDfBw ",
      "tracks": 13,
      "length": 65,
      "sales": 29143
    },
    "albumsCount": 9,
    "establishmentDate": "2015-10-14T22:28:41.749Z",
    "studio": {
      "name": "RbcQLmccZO"
    }
  },
  {
    "name": "heuUOctq",
    "coordinates": {
      "x": 113,
      "y": 126
    },
    "genre": "RAP",
    "numberOfParticipants": 3,
    "singlesCount": 33,
    "description": "RbuX5B4ej2pKNHFfOQBu",
    "bestAlbum": {
      "name": "yJVYmXOytdvCojB",
      "tracks": 10,
      "length": 88,
      "sales": 973185
    },
    "albumsCount": 13,
    "establishmentDate": "2018-10-20T22:28:41.749Z",
    "studio": {
      "name": "YEempIPWwV"
    }
  },
  {
    "name": "MYXlplGQ",
    "coordinates": {
      "x": 175,
      "y": 259
    },
    "genre": "RAP",
    "numberOfParticipants": 3,
    "singlesCount": 21,
    "description": "ftv90HO6rbV1jKFtJUdO",
    "bestAlbum": {
      "name": "IpsibOhJHCdImVn",
      "tracks": 13,
      "length": 49,
      "sales": 690814
    },
    "albumsCount": 9,
    "establishmentDate": "2024-02-09T22:28:41.749Z",
    "studio": {
      "name": "hLnKzmZ vw"
    }
  },
  {
    "name": "yVfsKbig",
    "coordinates": {
      "x": 185,
      "y": 221
    },
    "genre": "POST_ROCK",
    "numberOfParticipants": 3,
    "singlesCount": 25,
    "description": "t xHoo0CXWEauYr8DZ04",
    "bestAlbum": {
      "name": "ydXrtzdxZAyZKps",
      "tracks": 9,
      "length": 102,
      "sales": 491529
    },
    "albumsCount": 4,
    "establishmentDate": "2020-06-13T22:28:41.749Z",
    "studio": {
      "name": "eDVQdPpodc"
    }
  },
  {
    "name": "wROmRrZo",
    "coordinates": {
      "x": 28,
      "y": 201
    },
    "genre": "RAP",
    "numberOfParticipants": 5,
    "singlesCount": 47,
    "description": "jJZSI0zr955Ed6NMTihJ",
    "bestAlbum": {
      "name": "uHSQiCuEiuewahe",
      "tracks": 5,
      "length": 87,
      "sales": 667681
    },
    "albumsCount": 13,
    "establishmentDate": "2017-01-18T22:28:41.749Z",
    "studio": {
      "name": "EYMdfbPLnV"
    }
  },
  {
    "name": "NgGVgpkM",
    "coordinates": {
      "x": 46,
      "y": 200
    },
    "genre": "POST_ROCK",
    "numberOfParticipants": 8,
    "singlesCount": 26,
    "description": "Y3kAqNAzzWtNtuM2ISwe",
    "bestAlbum": {
      "name": "Njes CwUVhlIwBc",
      "tracks": 20,
      "length": 103,
      "sales": 352572
    },
    "albumsCount": 13,
    "establishmentDate": "2020-04-26T22:28:41.749Z",
    "studio": {
      "name": "LlIpJaXPvA"
    }
  },
  {
    "name": "cTFbsqYq",
    "coordinates": {
      "x": 156,
      "y": 237
    },
    "genre": "RAP",
    "numberOfParticipants": 1,
    "singlesCount": 44,
    "description": "AdbDSejyf oLYhoyl PL",
    "bestAlbum": {
      "name": "bhMSiIXLShUliqB",
      "tracks": 14,
      "length": 77,
      "sales": 774768
    },
    "albumsCount": 3,
    "establishmentDate": "2020-06-04T22:28:41.749Z",
    "studio": {
      "name": "bvTuZbUYfB"
    }
  },
  {
    "name": "TXIVpTOw",
    "coordinates": {
      "x": 136,
      "y": 165
    },
    "genre": "RAP",
    "numberOfParticipants": 8,
    "singlesCount": 44,
    "description": "AhlFdavMCbLsLNZFxSFr",
    "bestAlbum": {
      "name": "ejxoaOfxHrdfgCy",
      "tracks": 18,
      "length": 32,
      "sales": 162509
    },
    "albumsCount": 1,
    "establishmentDate": "2020-12-03T22:28:41.750Z",
    "studio": {
      "name": "VtuV tnDJV"
    }
  },
  {
    "name": "ttGHNJRq",
    "coordinates": {
      "x": 94,
      "y": 113
    },
    "genre": "POST_ROCK",
    "numberOfParticipants": 7,
    "singlesCount": 3,
    "description": "BlrtYc6BeWZyPaGaH98y",
    "bestAlbum": {
      "name": "XUlztrvpjaYJfJS",
      "tracks": 19,
      "length": 44,
      "sales": 135464
    },
    "albumsCount": 14,
    "establishmentDate": "2024-06-25T22:28:41.750Z",
    "studio": {
      "name": "rari rtLeM"
    }
  },
  {
    "name": "loopMHTt",
    "coordinates": {
      "x": 30,
      "y": 161
    },
    "genre": "SOUL",
    "numberOfParticipants": 8,
    "singlesCount": 23,
    "description": "NjzPEtAVTNsyvC9gXpNV",
    "bestAlbum": {
      "name": "JmlgWmgQoFWXdRO",
      "tracks": 11,
      "length": 90,
      "sales": 506835
    },
    "albumsCount": 3,
    "establishmentDate": "2021-10-17T22:28:41.750Z",
    "studio": {
      "name": "FwZthxrSqO"
    }
  },
  {
    "name": "EqpwYqDH",
    "coordinates": {
      "x": 190,
      "y": 136
    },
    "genre": "POST_ROCK",
    "numberOfParticipants": 10,
    "singlesCount": 33,
    "description": "mssCq0Uzh4HJgMQ8gyCy",
    "bestAlbum": {
      "name": "mKXJJGRquFctXZw",
      "tracks": 20,
      "length": 85,
      "sales": 822127
    },
    "albumsCount": 11,
    "establishmentDate": "2015-09-27T22:28:41.750Z",
    "studio": {
      "name": "ZBVE rtFkF"
    }
  },
  {
    "name": "MDsyUmzX",
    "coordinates": {
      "x": 35,
      "y": 199
    },
    "genre": "SOUL",
    "numberOfParticipants": 7,
    "singlesCount": 45,
    "description": "NSFeajqGBy2B3ZaKWAOn",
    "bestAlbum": {
      "name": "iHHPaHwfTiBaNrK",
      "tracks": 10,
      "length": 112,
      "sales": 938547
    },
    "albumsCount": 8,
    "establishmentDate": "2019-04-27T22:28:41.750Z",
    "studio": {
      "name": "TFOr sFequ"
    }
  },
  {
    "name": "REAOScrR",
    "coordinates": {
      "x": 143,
      "y": 220
    },
    "genre": "POST_ROCK",
    "numberOfParticipants": 2,
    "singlesCount": 14,
    "description": "MFM9A433tQS75KvlDXaQ",
    "bestAlbum": {
      "name": "rYogvQcyEIvBmbl",
      "tracks": 16,
      "length": 110,
      "sales": 401119
    },
    "albumsCount": 2,
    "establishmentDate": "2017-07-10T22:28:41.750Z",
    "studio": {
      "name": "HdIQrMkgHR"
    }
  },
  {
    "name": "WpShxYYB",
    "coordinates": {
      "x": 163,
      "y": 137
    },
    "genre": "POST_ROCK",
    "numberOfParticipants": 6,
    "singlesCount": 20,
    "description": "aVB7iApmu D2qZ01 F1K",
    "bestAlbum": {
      "name": "koXiOICbwFPxIMw",
      "tracks": 5,
      "length": 93,
      "sales": 417828
    },
    "albumsCount": 14,
    "establishmentDate": "2018-10-15T22:28:41.750Z",
    "studio": {
      "name": "OAJhQLxspR"
    }
  },
  {
    "name": "iBMuGDtV",
    "coordinates": {
      "x": 179,
      "y": 264
    },
    "genre": "SOUL",
    "numberOfParticipants": 7,
    "singlesCount": 45,
    "description": "FdcFAuGAvlEGHrPigdyz",
    "bestAlbum": {
      "name": "SRPuUgyyJlYEfdT",
      "tracks": 17,
      "length": 111,
      "sales": 568519
    },
    "albumsCount": 3,
    "establishmentDate": "2019-01-20T22:28:41.750Z",
    "studio": {
      "name": "zOAsJzKjMz"
    }
  },
  {
    "name": "rBuYQRLJ",
    "coordinates": {
      "x": 164,
      "y": 216
    },
    "genre": "POST_ROCK",
    "numberOfParticipants": 8,
    "singlesCount": 22,
    "description": "0omg0FLP0tjLUNsxMJi9",
    "bestAlbum": {
      "name": "nCsut XJTCePTpE",
      "tracks": 20,
      "length": 97,
      "sales": 121845
    },
    "albumsCount": 12,
    "establishmentDate": "2022-04-20T22:28:41.750Z",
    "studio": {
      "name": "jzFAWiGsbz"
    }
  },
  {
    "name": "nBcMtclY",
    "coordinates": {
      "x": 147,
      "y": 123
    },
    "genre": "SOUL",
    "numberOfParticipants": 3,
    "singlesCount": 24,
    "description": "FLU5rk0yawnYoboylSPj",
    "bestAlbum": {
      "name": "eQYfIePJRkxSlEE",
      "tracks": 5,
      "length": 84,
      "sales": 915473
    },
    "albumsCount": 5,
    "establishmentDate": "2021-09-28T22:28:41.750Z",
    "studio": {
      "name": "JLWKOvFBuk"
    }
  },
  {
    "name": "FrHMmSFP",
    "coordinates": {
      "x": 120,
      "y": 288
    },
    "genre": "SOUL",
    "numberOfParticipants": 5,
    "singlesCount": 24,
    "description": "O3eHP7yvDHXOs4vpnxxQ",
    "bestAlbum": {
      "name": "OKdl EKqJn yzRn",
      "tracks": 5,
      "length": 79,
      "sales": 541840
    },
    "albumsCount": 5,
    "establishmentDate": "2019-12-30T22:28:41.750Z",
    "studio": {
      "name": "hBRgmEzjVB"
    }
  },
  {
    "name": "LvldrBSI",
    "coordinates": {
      "x": 23,
      "y": 204
    },
    "genre": "SOUL",
    "numberOfParticipants": 2,
    "singlesCount": 35,
    "description": "61oN8AUwAtAUiRcCuOSI",
    "bestAlbum": {
      "name": "TQcZJHqjuHSkEjI",
      "tracks": 7,
      "length": 37,
      "sales": 307484
    },
    "albumsCount": 2,
    "establishmentDate": "2019-10-10T22:28:41.750Z",
    "studio": {
      "name": "SuxETyfwvk"
    }
  },
  {
    "name": "XHYqFPnW",
    "coordinates": {
      "x": 34,
      "y": 285
    },
    "genre": "POST_ROCK",
    "numberOfParticipants": 2,
    "singlesCount": 21,
    "description": "PEDNfeHFI1XYhX2Y5PX5",
    "bestAlbum": {
      "name": "pHYLsXcY  TFvCr",
      "tracks": 12,
      "length": 75,
      "sales": 586757
    },
    "albumsCount": 11,
    "establishmentDate": "2023-04-05T22:28:41.750Z",
    "studio": {
      "name": "Ju jLFseEB"
    }
  },
  {
    "name": "vxzkzGjz",
    "coordinates": {
      "x": 87,
      "y": 115
    },
    "genre": "RAP",
    "numberOfParticipants": 4,
    "singlesCount": 27,
    "description": "2gL6 OD58p79VOhsZq0E",
    "bestAlbum": {
      "name": "wTxWMyDnoSCVKOI",
      "tracks": 5,
      "length": 32,
      "sales": 855712
    },
    "albumsCount": 2,
    "establishmentDate": "2021-09-03T22:28:41.750Z",
    "studio": {
      "name": "LyvuOgCIbT"
    }
  },
  {
    "name": "xFdfBXPb",
    "coordinates": {
      "x": 105,
      "y": 143
    },
    "genre": "POST_ROCK",
    "numberOfParticipants": 10,
    "singlesCount": 25,
    "description": "GqovYXWX0nDjTDNjNrGh",
    "bestAlbum": {
      "name": "mAVIXIjAESVwyDu",
      "tracks": 10,
      "length": 94,
      "sales": 815550
    },
    "albumsCount": 10,
    "establishmentDate": "2015-10-05T22:28:41.750Z",
    "studio": {
      "name": "UvLkCqwdPK"
    }
  },
  {
    "name": "YrHmSczn",
    "coordinates": {
      "x": 72,
      "y": 250
    },
    "genre": "POST_ROCK",
    "numberOfParticipants": 10,
    "singlesCount": 25,
    "description": "RZE6ZutGwAE59RoTk4SR",
    "bestAlbum": {
      "name": "qdDjvxuqoNoKYBv",
      "tracks": 9,
      "length": 84,
      "sales": 132901
    },
    "albumsCount": 12,
    "establishmentDate": "2023-11-18T22:28:41.750Z",
    "studio": {
      "name": "HPUJEULsdy"
    }
  },
  {
    "name": "iWFWhGuw",
    "coordinates": {
      "x": 122,
      "y": 228
    },
    "genre": "POST_ROCK",
    "numberOfParticipants": 3,
    "singlesCount": 14,
    "description": "HvkB2MD5zwGmkHAp2P5V",
    "bestAlbum": {
      "name": "pNPSaRfHIFhrWeM",
      "tracks": 9,
      "length": 59,
      "sales": 749760
    },
    "albumsCount": 12,
    "establishmentDate": "2016-06-25T22:28:41.750Z",
    "studio": {
      "name": "sgBuZNnSvQ"
    }
  },
  {
    "name": "GqUjbuAT",
    "coordinates": {
      "x": 104,
      "y": 239
    },
    "genre": "SOUL",
    "numberOfParticipants": 8,
    "singlesCount": 44,
    "description": "vim2pNyGxlhwTdzZR8oD",
    "bestAlbum": {
      "name": "uTKlWXvhcJKiaIr",
      "tracks": 8,
      "length": 74,
      "sales": 920279
    },
    "albumsCount": 7,
    "establishmentDate": "2016-06-14T22:28:41.750Z",
    "studio": {
      "name": "QcMndoOFOA"
    }
  },
  {
    "name": "LFmsIgkh",
    "coordinates": {
      "x": 64,
      "y": 230
    },
    "genre": "POST_ROCK",
    "numberOfParticipants": 2,
    "singlesCount": 44,
    "description": "Z57ErkRYW0tB 7ahuGw2",
    "bestAlbum": {
      "name": "LfZlezUsyMZqksI",
      "tracks": 17,
      "length": 62,
      "sales": 552945
    },
    "albumsCount": 11,
    "establishmentDate": "2024-09-15T22:28:41.750Z",
    "studio": {
      "name": "zBDVLindLy"
    }
  },
  {
    "name": "vmOxKWWe",
    "coordinates": {
      "x": 157,
      "y": 117
    },
    "genre": "POST_ROCK",
    "numberOfParticipants": 1,
    "singlesCount": 43,
    "description": "e6cpRND9u3wOnjnLxPm0",
    "bestAlbum": {
      "name": "TdyMGoJZYxcgPDA",
      "tracks": 12,
      "length": 66,
      "sales": 229311
    },
    "albumsCount": 12,
    "establishmentDate": "2022-05-13T22:28:41.750Z",
    "studio": {
      "name": "kwAyXxxZHR"
    }
  },
  {
    "name": "PCucQvWE",
    "coordinates": {
      "x": 87,
      "y": 296
    },
    "genre": "RAP",
    "numberOfParticipants": 1,
    "singlesCount": 2,
    "description": "PlHfAXLuhcejla7rkwVn",
    "bestAlbum": {
      "name": "CGRcqnLdigYvVHC",
      "tracks": 16,
      "length": 76,
      "sales": 608487
    },
    "albumsCount": 9,
    "establishmentDate": "2020-07-13T22:28:41.750Z",
    "studio": {
      "name": "MkCzvtJsYz"
    }
  },
  {
    "name": "buvuSLnq",
    "coordinates": {
      "x": 198,
      "y": 130
    },
    "genre": "POST_ROCK",
    "numberOfParticipants": 1,
    "singlesCount": 26,
    "description": "V UF qrNcReUuSV0qRDF",
    "bestAlbum": {
      "name": "iZyBlyFYLJQObSn",
      "tracks": 14,
      "length": 59,
      "sales": 110469
    },
    "albumsCount": 9,
    "establishmentDate": "2019-01-04T22:28:41.750Z",
    "studio": {
      "name": "KiAFbURMkv"
    }
  },
  {
    "name": "KDmEFowL",
    "coordinates": {
      "x": 67,
      "y": 165
    },
    "genre": "RAP",
    "numberOfParticipants": 9,
    "singlesCount": 45,
    "description": "PljBSjOxVKCTXTysZsf6",
    "bestAlbum": {
      "name": "dgcdfqOMMbNtRvy",
      "tracks": 6,
      "length": 89,
      "sales": 925365
    },
    "albumsCount": 10,
    "establishmentDate": "2021-10-10T22:28:41.750Z",
    "studio": {
      "name": "fCqqsXPtyt"
    }
  },
  {
    "name": "wkdVjOnL",
    "coordinates": {
      "x": 157,
      "y": 185
    },
    "genre": "POST_ROCK",
    "numberOfParticipants": 10,
    "singlesCount": 25,
    "description": "fiVKhl4P3vSGjDYXM4oI",
    "bestAlbum": {
      "name": "ZTdAu SjLIoXmJQ",
      "tracks": 11,
      "length": 62,
      "sales": 872665
    },
    "albumsCount": 9,
    "establishmentDate": "2024-06-01T22:28:41.750Z",
    "studio": {
      "name": "JlbUsSYVYb"
    }
  },
  {
    "name": "CNiwsjGT",
    "coordinates": {
      "x": 170,
      "y": 142
    },
    "genre": "POST_ROCK",
    "numberOfParticipants": 6,
    "singlesCount": 13,
    "description": "nsNe7CjaAsdHi7MNchVC",
    "bestAlbum": {
      "name": "pWPnUZLuFUiHKQC",
      "tracks": 7,
      "length": 99,
      "sales": 69488
    },
    "albumsCount": 15,
    "establishmentDate": "2023-04-17T22:28:41.750Z",
    "studio": {
      "name": "BdHrLoOsdU"
    }
  },
  {
    "name": "FZUtiTyn",
    "coordinates": {
      "x": 154,
      "y": 167
    },
    "genre": "RAP",
    "numberOfParticipants": 9,
    "singlesCount": 38,
    "description": "xLJd5rM7cSxgGUSmpWDM",
    "bestAlbum": {
      "name": "qYjDemRjOplCqGg",
      "tracks": 7,
      "length": 119,
      "sales": 284044
    },
    "albumsCount": 1,
    "establishmentDate": "2015-07-22T22:28:41.750Z",
    "studio": {
      "name": "lgJaqvwaaY"
    }
  },
  {
    "name": "wwqoqssK",
    "coordinates": {
      "x": 188,
      "y": 256
    },
    "genre": "RAP",
    "numberOfParticipants": 4,
    "singlesCount": 31,
    "description": "zJTKYHEqsxZEOhttsAia",
    "bestAlbum": {
      "name": "sHnFryoFjybfZZl",
      "tracks": 10,
      "length": 91,
      "sales": 530516
    },
    "albumsCount": 9,
    "establishmentDate": "2023-06-24T22:28:41.750Z",
    "studio": {
      "name": "KIhlJSuFoj"
    }
  },
  {
    "name": "LJOZJZDs",
    "coordinates": {
      "x": 175,
      "y": 198
    },
    "genre": "SOUL",
    "numberOfParticipants": 10,
    "singlesCount": 23,
    "description": "Ascr5Q0pd9PNppbYrJTl",
    "bestAlbum": {
      "name": "SqQuDMNRKcnboYi",
      "tracks": 11,
      "length": 92,
      "sales": 914158
    },
    "albumsCount": 8,
    "establishmentDate": "2019-03-08T22:28:41.750Z",
    "studio": {
      "name": "ZuaWGFqSIG"
    }
  },
  {
    "name": "oNSWMOvy",
    "coordinates": {
      "x": 189,
      "y": 130
    },
    "genre": "POST_ROCK",
    "numberOfParticipants": 9,
    "singlesCount": 44,
    "description": "mtYetSmOglhuNVzS3MRd",
    "bestAlbum": {
      "name": "gvHqOKQbTEqk oB",
      "tracks": 18,
      "length": 86,
      "sales": 759508
    },
    "albumsCount": 7,
    "establishmentDate": "2022-02-19T22:28:41.750Z",
    "studio": {
      "name": "lfHQRRPTfG"
    }
  },
  {
    "name": "qJNhmaJg",
    "coordinates": {
      "x": 177,
      "y": 184
    },
    "genre": "RAP",
    "numberOfParticipants": 5,
    "singlesCount": 41,
    "description": "pUElZnx6T6MIaSQ38WF0",
    "bestAlbum": {
      "name": "pSymteSwSQZNYmZ",
      "tracks": 8,
      "length": 90,
      "sales": 24069
    },
    "albumsCount": 3,
    "establishmentDate": "2018-01-08T22:28:41.750Z",
    "studio": {
      "name": "rSVlrVDtqy"
    }
  },
  {
    "name": "qCgBmgMt",
    "coordinates": {
      "x": 90,
      "y": 264
    },
    "genre": "SOUL",
    "numberOfParticipants": 8,
    "singlesCount": 23,
    "description": "i3 WjWaY0X4BKIaik3zw",
    "bestAlbum": {
      "name": "ypoRwaoipulyPvh",
      "tracks": 13,
      "length": 104,
      "sales": 106369
    },
    "albumsCount": 5,
    "establishmentDate": "2016-03-13T22:28:41.750Z",
    "studio": {
      "name": "DyBwnkKzaw"
    }
  },
  {
    "name": "bJbFmUlA",
    "coordinates": {
      "x": 84,
      "y": 184
    },
    "genre": "RAP",
    "numberOfParticipants": 3,
    "singlesCount": 4,
    "description": "DrGbgv2o2yV7A6ih7cnK",
    "bestAlbum": {
      "name": "bfcoyodhyCIMElL",
      "tracks": 13,
      "length": 44,
      "sales": 763466
    },
    "albumsCount": 5,
    "establishmentDate": "2015-06-20T22:28:41.750Z",
    "studio": {
      "name": "CtuVgjrxXT"
    }
  },
  {
    "name": "PiJXGAID",
    "coordinates": {
      "x": 184,
      "y": 269
    },
    "genre": "RAP",
    "numberOfParticipants": 10,
    "singlesCount": 21,
    "description": "6nzZ3aoF2znLqyFKvPWQ",
    "bestAlbum": {
      "name": "zfcaIOobJAFxLZi",
      "tracks": 16,
      "length": 61,
      "sales": 398130
    },
    "albumsCount": 4,
    "establishmentDate": "2016-06-19T22:28:41.750Z",
    "studio": {
      "name": "voHVYVklZt"
    }
  },
  {
    "name": "jMAQZWtS",
    "coordinates": {
      "x": 135,
      "y": 214
    },
    "genre": "RAP",
    "numberOfParticipants": 2,
    "singlesCount": 11,
    "description": "A5Ie0gzoTBcfbdxRU9DM",
    "bestAlbum": {
      "name": "TseJVEqANynCBgg",
      "tracks": 9,
      "length": 69,
      "sales": 236484
    },
    "albumsCount": 10,
    "establishmentDate": "2021-06-24T22:28:41.750Z",
    "studio": {
      "name": "rlwpM ZNdB"
    }
  },
  {
    "name": "jagAnfKN",
    "coordinates": {
      "x": 127,
      "y": 196
    },
    "genre": "SOUL",
    "numberOfParticipants": 2,
    "singlesCount": 17,
    "description": "2HLOhRwVtvRDeBkvx 77",
    "bestAlbum": {
      "name": "STBDJTFZiwTUeRz",
      "tracks": 18,
      "length": 70,
      "sales": 129752
    },
    "albumsCount": 5,
    "establishmentDate": "2024-07-09T22:28:41.750Z",
    "studio": {
      "name": "oRsnBiZctq"
    }
  },
  {
    "name": "soMroWcP",
    "coordinates": {
      "x": 22,
      "y": 106
    },
    "genre": "POST_ROCK",
    "numberOfParticipants": 1,
    "singlesCount": 42,
    "description": "kdGT72WCoNNjsu4 wFdA",
    "bestAlbum": {
      "name": "LwfIRfEyTrRuSft",
      "tracks": 7,
      "length": 113,
      "sales": 457065
    },
    "albumsCount": 11,
    "establishmentDate": "2022-10-18T22:28:41.750Z",
    "studio": {
      "name": "trrdufmvhW"
    }
  },
  {
    "name": "tEwyzDhq",
    "coordinates": {
      "x": 173,
      "y": 262
    },
    "genre": "SOUL",
    "numberOfParticipants": 7,
    "singlesCount": 19,
    "description": "BhOFkX0QLaK5pMWU2HP4",
    "bestAlbum": {
      "name": "hJJKckKJqdEJzqR",
      "tracks": 7,
      "length": 97,
      "sales": 975949
    },
    "albumsCount": 1,
    "establishmentDate": "2023-03-11T22:28:41.750Z",
    "studio": {
      "name": "QgKkJRCWTc"
    }
  },
  {
    "name": "xDlfrxbY",
    "coordinates": {
      "x": 37,
      "y": 129
    },
    "genre": "POST_ROCK",
    "numberOfParticipants": 7,
    "singlesCount": 13,
    "description": "6lKt89k6y8cSoYe1UZHA",
    "bestAlbum": {
      "name": "pUpAydSLDIOwMjD",
      "tracks": 8,
      "length": 32,
      "sales": 260240
    },
    "albumsCount": 2,
    "establishmentDate": "2016-05-01T22:28:41.750Z",
    "studio": {
      "name": "lFrSIPDyZC"
    }
  },
  {
    "name": "IBkkmnDK",
    "coordinates": {
      "x": 105,
      "y": 230
    },
    "genre": "RAP",
    "numberOfParticipants": 7,
    "singlesCount": 13,
    "description": "Oo4Jzcyhu5XDSU6qOx4O",
    "bestAlbum": {
      "name": "inEExaOimkMvbGJ",
      "tracks": 11,
      "length": 107,
      "sales": 588979
    },
    "albumsCount": 6,
    "establishmentDate": "2023-09-23T22:28:41.750Z",
    "studio": {
      "name": "beCYGkKsFL"
    }
  },
  {
    "name": "QtGNliAI",
    "coordinates": {
      "x": 22,
      "y": 285
    },
    "genre": "POST_ROCK",
    "numberOfParticipants": 2,
    "singlesCount": 33,
    "description": "LtYqZz7DFbr8HI1egG0k",
    "bestAlbum": {
      "name": "uTAyIuUlhRxTfdH",
      "tracks": 8,
      "length": 68,
      "sales": 659572
    },
    "albumsCount": 3,
    "establishmentDate": "2021-03-15T22:28:41.750Z",
    "studio": {
      "name": "SMzsjelWlg"
    }
  },
  {
    "name": "FxxuTnpi",
    "coordinates": {
      "x": 96,
      "y": 195
    },
    "genre": "RAP",
    "numberOfParticipants": 1,
    "singlesCount": 3,
    "description": "HdfBFvUjzGCj5iKx0Oot",
    "bestAlbum": {
      "name": "sJScfXnTP nGqoX",
      "tracks": 18,
      "length": 98,
      "sales": 88005
    },
    "albumsCount": 5,
    "establishmentDate": "2017-05-28T22:28:41.750Z",
    "studio": {
      "name": "KwyDGlkvDo"
    }
  },
  {
    "name": "mHUNQiWb",
    "coordinates": {
      "x": 87,
      "y": 258
    },
    "genre": "SOUL",
    "numberOfParticipants": 6,
    "singlesCount": 30,
    "description": "NL2SwyibZVlfDG82jI K",
    "bestAlbum": {
      "name": "XLacCInCTVDGBva",
      "tracks": 10,
      "length": 42,
      "sales": 442300
    },
    "albumsCount": 14,
    "establishmentDate": "2019-01-31T22:28:41.750Z",
    "studio": {
      "name": "TGTOrDqidH"
    }
  },
  {
    "name": "AgfOkdRd",
    "coordinates": {
      "x": 134,
      "y": 291
    },
    "genre": "RAP",
    "numberOfParticipants": 2,
    "singlesCount": 31,
    "description": "fMXuq21lBrjS82Qv8hWT",
    "bestAlbum": {
      "name": "WOzhtQuUirkGRJJ",
      "tracks": 7,
      "length": 101,
      "sales": 359942
    },
    "albumsCount": 6,
    "establishmentDate": "2021-09-21T22:28:41.750Z",
    "studio": {
      "name": "LyVPiAsNhY"
    }
  },
  {
    "name": "EIZTxaCR",
    "coordinates": {
      "x": 3,
      "y": 171
    },
    "genre": "POST_ROCK",
    "numberOfParticipants": 1,
    "singlesCount": 34,
    "description": "lX3it he1WdkVDPRLjF6",
    "bestAlbum": {
      "name": "gYKiTTcWUwQDpJx",
      "tracks": 6,
      "length": 79,
      "sales": 640699
    },
    "albumsCount": 13,
    "establishmentDate": "2015-11-27T22:28:41.750Z",
    "studio": {
      "name": "bDSXTaTeTJ"
    }
  },
  {
    "name": "rpWeAUlj",
    "coordinates": {
      "x": 135,
      "y": 115
    },
    "genre": "POST_ROCK",
    "numberOfParticipants": 7,
    "singlesCount": 2,
    "description": "DytR nuUjCWHdWubtjPs",
    "bestAlbum": {
      "name": "jgixvVdJHYpqtmt",
      "tracks": 10,
      "length": 106,
      "sales": 10109
    },
    "albumsCount": 9,
    "establishmentDate": "2022-09-27T22:28:41.750Z",
    "studio": {
      "name": "jKbTIBgEcc"
    }
  },
  {
    "name": "TdHRBIhg",
    "coordinates": {
      "x": 167,
      "y": 103
    },
    "genre": "POST_ROCK",
    "numberOfParticipants": 1,
    "singlesCount": 40,
    "description": "DEL4F2q1LOuUAdPlkwdJ",
    "bestAlbum": {
      "name": "YIdyORLBXiSkA Z",
      "tracks": 10,
      "length": 111,
      "sales": 950052
    },
    "albumsCount": 3,
    "establishmentDate": "2018-02-11T22:28:41.750Z",
    "studio": {
      "name": "SbZdfIEzIW"
    }
  },
  {
    "name": "ElsBdDnx",
    "coordinates": {
      "x": 137,
      "y": 263
    },
    "genre": "SOUL",
    "numberOfParticipants": 9,
    "singlesCount": 35,
    "description": "YhfcwWFdmij6EOOqg21X",
    "bestAlbum": {
      "name": "OuawPlOffsQRnMi",
      "tracks": 9,
      "length": 71,
      "sales": 65623
    },
    "albumsCount": 14,
    "establishmentDate": "2016-11-14T22:28:41.750Z",
    "studio": {
      "name": "aMJOqArEVy"
    }
  },
  {
    "name": "jMTJCBqT",
    "coordinates": {
      "x": 81,
      "y": 177
    },
    "genre": "POST_ROCK",
    "numberOfParticipants": 3,
    "singlesCount": 25,
    "description": "BM5dylFVmZ 0N58 FLs9",
    "bestAlbum": {
      "name": "GyGaaOpVTTDsdW ",
      "tracks": 16,
      "length": 38,
      "sales": 782556
    },
    "albumsCount": 15,
    "establishmentDate": "2017-07-14T22:28:41.751Z",
    "studio": {
      "name": "JdSIAzMVjz"
    }
  },
  {
    "name": "jQIFxvqJ",
    "coordinates": {
      "x": 185,
      "y": 178
    },
    "genre": "POST_ROCK",
    "numberOfParticipants": 8,
    "singlesCount": 33,
    "description": "8J3oaLIVW0scUwR4CYkl",
    "bestAlbum": {
      "name": "JpaYsTiGIxnqoXd",
      "tracks": 20,
      "length": 78,
      "sales": 199945
    },
    "albumsCount": 10,
    "establishmentDate": "2015-11-20T22:28:41.751Z",
    "studio": {
      "name": "kYhbirmrzK"
    }
  },
  {
    "name": "gIKAOkJY",
    "coordinates": {
      "x": 130,
      "y": 292
    },
    "genre": "POST_ROCK",
    "numberOfParticipants": 7,
    "singlesCount": 3,
    "description": "vMMHpDxY3VjRaFr275ka",
    "bestAlbum": {
      "name": "nhQCSKQywMTn zL",
      "tracks": 7,
      "length": 48,
      "sales": 119489
    },
    "albumsCount": 12,
    "establishmentDate": "2024-12-08T22:28:41.751Z",
    "studio": {
      "name": "LcmwXEOCO "
    }
  },
  {
    "name": "OQmQTMfT",
    "coordinates": {
      "x": 64,
      "y": 275
    },
    "genre": "POST_ROCK",
    "numberOfParticipants": 5,
    "singlesCount": 29,
    "description": "CKO 0VLkhSdUBLHeVoTI",
    "bestAlbum": {
      "name": "zorFHJotwyBztMC",
      "tracks": 8,
      "length": 51,
      "sales": 180476
    },
    "albumsCount": 15,
    "establishmentDate": "2021-06-28T22:28:41.751Z",
    "studio": {
      "name": "kgnSfnPryG"
    }
  },
  {
    "name": "zWuILMox",
    "coordinates": {
      "x": 186,
      "y": 278
    },
    "genre": "SOUL",
    "numberOfParticipants": 7,
    "singlesCount": 48,
    "description": "xUfy1Z7LD88pFtDXWnh5",
    "bestAlbum": {
      "name": "QvLSYFmrXYvcsmd",
      "tracks": 13,
      "length": 36,
      "sales": 134398
    },
    "albumsCount": 15,
    "establishmentDate": "2020-11-16T22:28:41.751Z",
    "studio": {
      "name": "JbmCTHVveE"
    }
  },
  {
    "name": "yAPkHpwo",
    "coordinates": {
      "x": 94,
      "y": 195
    },
    "genre": "POST_ROCK",
    "numberOfParticipants": 3,
    "singlesCount": 21,
    "description": "KjdgirtgWMujhJoaZE2T",
    "bestAlbum": {
      "name": "GYnpxDiuFnieLJt",
      "tracks": 20,
      "length": 91,
      "sales": 654529
    },
    "albumsCount": 15,
    "establishmentDate": "2018-03-28T22:28:41.751Z",
    "studio": {
      "name": "JHJCMOFrmB"
    }
  },
  {
    "name": "NDIuzVIt",
    "coordinates": {
      "x": 48,
      "y": 171
    },
    "genre": "POST_ROCK",
    "numberOfParticipants": 4,
    "singlesCount": 18,
    "description": "ZyoS1txjJfzqDR3ILPyF",
    "bestAlbum": {
      "name": "BWWRderViZUqHTr",
      "tracks": 5,
      "length": 52,
      "sales": 226404
    },
    "albumsCount": 5,
    "establishmentDate": "2022-11-26T22:28:41.751Z",
    "studio": {
      "name": "yimlMfbAXn"
    }
  },
  {
    "name": "RtdlGvMA",
    "coordinates": {
      "x": 146,
      "y": 161
    },
    "genre": "SOUL",
    "numberOfParticipants": 10,
    "singlesCount": 45,
    "description": "M4YRi9xhI LxXBaOCYJI",
    "bestAlbum": {
      "name": "VdLIKhRWDEWKPLw",
      "tracks": 19,
      "length": 99,
      "sales": 739349
    },
    "albumsCount": 15,
    "establishmentDate": "2019-01-15T22:28:41.751Z",
    "studio": {
      "name": "QtiwVNOdeC"
    }
  },
  {
    "name": "rUJtlQcZ",
    "coordinates": {
      "x": 64,
      "y": 285
    },
    "genre": "SOUL",
    "numberOfParticipants": 5,
    "singlesCount": 30,
    "description": "RGQhy5 8x8Mn7VYrCX2t",
    "bestAlbum": {
      "name": "TzSdm NCvKGllSX",
      "tracks": 5,
      "length": 55,
      "sales": 812048
    },
    "albumsCount": 10,
    "establishmentDate": "2019-09-25T22:28:41.751Z",
    "studio": {
      "name": "PMEEuVWyFt"
    }
  },
  {
    "name": "EVzqfRAV",
    "coordinates": {
      "x": 25,
      "y": 285
    },
    "genre": "RAP",
    "numberOfParticipants": 7,
    "singlesCount": 13,
    "description": "8mVXTjrNrf8HOKD9nY6H",
    "bestAlbum": {
      "name": " ZJyHynLgFeXDPD",
      "tracks": 11,
      "length": 107,
      "sales": 330085
    },
    "albumsCount": 7,
    "establishmentDate": "2024-07-21T22:28:41.751Z",
    "studio": {
      "name": "PkAetrZmsx"
    }
  },
  {
    "name": "nzVWPMFf",
    "coordinates": {
      "x": 133,
      "y": 243
    },
    "genre": "SOUL",
    "numberOfParticipants": 5,
    "singlesCount": 37,
    "description": "1AsfMjHwY8JNPgUMaBPG",
    "bestAlbum": {
      "name": "GffFLthVSqrziYM",
      "tracks": 10,
      "length": 34,
      "sales": 377124
    },
    "albumsCount": 9,
    "establishmentDate": "2020-06-05T22:28:41.751Z",
    "studio": {
      "name": "gbSXwrTytA"
    }
  },
  {
    "name": "BcvaYhoq",
    "coordinates": {
      "x": 73,
      "y": 194
    },
    "genre": "SOUL",
    "numberOfParticipants": 5,
    "singlesCount": 40,
    "description": "i6NbwaE8ccCvmWxCxVHK",
    "bestAlbum": {
      "name": "EuoYHDnxiuPAgZD",
      "tracks": 13,
      "length": 74,
      "sales": 425469
    },
    "albumsCount": 10,
    "establishmentDate": "2023-08-13T22:28:41.751Z",
    "studio": {
      "name": "YNeRVPubBD"
    }
  },
  {
    "name": "zXlCqbMZ",
    "coordinates": {
      "x": 186,
      "y": 197
    },
    "genre": "POST_ROCK",
    "numberOfParticipants": 10,
    "singlesCount": 48,
    "description": "oWqk97hEuHAQtsglLjnv",
    "bestAlbum": {
      "name": "EddfWNQQMBrxkgk",
      "tracks": 17,
      "length": 103,
      "sales": 702115
    },
    "albumsCount": 6,
    "establishmentDate": "2016-12-20T22:28:41.751Z",
    "studio": {
      "name": "YSYOgtwCgk"
    }
  },
  {
    "name": "tASyuOZd",
    "coordinates": {
      "x": 25,
      "y": 239
    },
    "genre": "RAP",
    "numberOfParticipants": 5,
    "singlesCount": 31,
    "description": "6UxAHmwlvRD6oPm6ew0X",
    "bestAlbum": {
      "name": "MtgDvhCHAvDArFZ",
      "tracks": 7,
      "length": 107,
      "sales": 703766
    },
    "albumsCount": 3,
    "establishmentDate": "2017-09-25T22:28:41.751Z",
    "studio": {
      "name": "gvMfWjCgsz"
    }
  }
]